%YAML 1.1
%TAG !u! tag:unity3d.com,2011:
--- !u!1 &105488
GameObject:
  m_ObjectHideFlags: 0
  m_PrefabParentObject: {fileID: 0}
  m_PrefabInternal: {fileID: 100100000}
  serializedVersion: 4
  m_Component:
  - 4: {fileID: 475882}
  - 33: {fileID: 3321644}
  - 23: {fileID: 2353900}
  - 64: {fileID: 6465468}
  - 54: {fileID: 5467844}
  - 114: {fileID: 11435360}
  m_Layer: 0
  m_Name: CL2angle3
  m_TagString: Untagged
  m_Icon: {fileID: 0}
  m_NavMeshLayer: 0
  m_StaticEditorFlags: 0
  m_IsActive: 1
--- !u!1 &136404
GameObject:
  m_ObjectHideFlags: 0
  m_PrefabParentObject: {fileID: 0}
  m_PrefabInternal: {fileID: 100100000}
  serializedVersion: 4
  m_Component:
  - 4: {fileID: 427254}
  - 33: {fileID: 3356656}
  - 23: {fileID: 2399278}
  - 54: {fileID: 5490078}
  - 64: {fileID: 6482496}
  - 114: {fileID: 11463124}
  m_Layer: 0
  m_Name: CL2wedge3
  m_TagString: Untagged
  m_Icon: {fileID: 0}
  m_NavMeshLayer: 0
  m_StaticEditorFlags: 0
  m_IsActive: 1
--- !u!1 &143738
GameObject:
  m_ObjectHideFlags: 0
  m_PrefabParentObject: {fileID: 0}
  m_PrefabInternal: {fileID: 100100000}
  serializedVersion: 4
  m_Component:
  - 4: {fileID: 460634}
  - 33: {fileID: 3367516}
  - 23: {fileID: 2360404}
  - 64: {fileID: 6454032}
  - 54: {fileID: 5448234}
  - 114: {fileID: 11441942}
  m_Layer: 0
  m_Name: CL2angle2
  m_TagString: Untagged
  m_Icon: {fileID: 0}
  m_NavMeshLayer: 0
  m_StaticEditorFlags: 0
  m_IsActive: 1
--- !u!1 &152582
GameObject:
  m_ObjectHideFlags: 0
  m_PrefabParentObject: {fileID: 0}
  m_PrefabInternal: {fileID: 100100000}
  serializedVersion: 4
  m_Component:
  - 4: {fileID: 419694}
  - 33: {fileID: 3386720}
  - 23: {fileID: 2311820}
  - 64: {fileID: 6432634}
  - 54: {fileID: 5400000}
  - 114: {fileID: 11403672}
  m_Layer: 0
  m_Name: CL2cube
  m_TagString: Untagged
  m_Icon: {fileID: 0}
  m_NavMeshLayer: 0
  m_StaticEditorFlags: 0
  m_IsActive: 1
--- !u!1 &175552
GameObject:
  m_ObjectHideFlags: 0
  m_PrefabParentObject: {fileID: 0}
  m_PrefabInternal: {fileID: 100100000}
  serializedVersion: 4
  m_Component:
  - 4: {fileID: 458268}
  - 33: {fileID: 3349076}
  - 23: {fileID: 2322942}
  - 54: {fileID: 5480392}
  - 64: {fileID: 6447682}
  - 114: {fileID: 11412776}
  m_Layer: 0
  m_Name: CL2wedge1
  m_TagString: Untagged
  m_Icon: {fileID: 0}
  m_NavMeshLayer: 0
  m_StaticEditorFlags: 0
  m_IsActive: 1
--- !u!1 &175840
GameObject:
  m_ObjectHideFlags: 0
  m_PrefabParentObject: {fileID: 0}
  m_PrefabInternal: {fileID: 100100000}
  serializedVersion: 4
  m_Component:
  - 4: {fileID: 475026}
  - 33: {fileID: 3398650}
  - 23: {fileID: 2389746}
  - 64: {fileID: 6401958}
  - 54: {fileID: 5447964}
  - 114: {fileID: 11476700}
  m_Layer: 0
  m_Name: CL2angle1
  m_TagString: Untagged
  m_Icon: {fileID: 0}
  m_NavMeshLayer: 0
  m_StaticEditorFlags: 0
  m_IsActive: 1
--- !u!1 &177926
GameObject:
  m_ObjectHideFlags: 0
  m_PrefabParentObject: {fileID: 0}
  m_PrefabInternal: {fileID: 100100000}
  serializedVersion: 4
  m_Component:
  - 4: {fileID: 442360}
  m_Layer: 0
  m_Name: centerFractureLeg2
  m_TagString: Untagged
  m_Icon: {fileID: 0}
  m_NavMeshLayer: 0
  m_StaticEditorFlags: 0
  m_IsActive: 1
--- !u!1 &179848
GameObject:
  m_ObjectHideFlags: 0
  m_PrefabParentObject: {fileID: 0}
  m_PrefabInternal: {fileID: 100100000}
  serializedVersion: 4
  m_Component:
  - 4: {fileID: 423232}
  - 33: {fileID: 3332312}
  - 23: {fileID: 2335430}
  - 54: {fileID: 5438958}
  - 64: {fileID: 6437468}
  - 114: {fileID: 11466580}
  m_Layer: 0
  m_Name: CL2wedge2
  m_TagString: Untagged
  m_Icon: {fileID: 0}
  m_NavMeshLayer: 0
  m_StaticEditorFlags: 0
  m_IsActive: 1
--- !u!4 &419694
Transform:
  m_ObjectHideFlags: 1
  m_PrefabParentObject: {fileID: 0}
  m_PrefabInternal: {fileID: 100100000}
  m_GameObject: {fileID: 152582}
  m_LocalRotation: {x: -8.6595606e-17, y: -.707107008, z: 1.65436138e-23, w: .70710659}
  m_LocalPosition: {x: .0455932245, y: 3.71766543, z: .00222265976}
  m_LocalScale: {x: 1.46666646, y: 1.50333631, z: 1.46666646}
  m_Children: []
  m_Father: {fileID: 442360}
  m_RootOrder: 0
--- !u!4 &423232
Transform:
  m_ObjectHideFlags: 1
  m_PrefabParentObject: {fileID: 0}
  m_PrefabInternal: {fileID: 100100000}
  m_GameObject: {fileID: 179848}
  m_LocalRotation: {x: -1, y: 1.62920685e-07, z: -3.57627869e-07, w: 4.97379915e-14}
  m_LocalPosition: {x: .0455932245, y: -.191008255, z: .00222265976}
  m_LocalScale: {x: 1.4666667, y: 1.50333631, z: 1.4666667}
  m_Children: []
  m_Father: {fileID: 442360}
  m_RootOrder: 2
--- !u!4 &427254
Transform:
  m_ObjectHideFlags: 1
  m_PrefabParentObject: {fileID: 0}
  m_PrefabInternal: {fileID: 100100000}
  m_GameObject: {fileID: 136404}
  m_LocalRotation: {x: -8.6595606e-17, y: -.707107008, z: 1.65436138e-23, w: .70710659}
  m_LocalPosition: {x: .0455932245, y: 7.47600698, z: .00222265976}
  m_LocalScale: {x: 1.46666646, y: 1.50333631, z: 1.46666646}
  m_Children: []
  m_Father: {fileID: 442360}
  m_RootOrder: 1
--- !u!4 &442360
Transform:
  m_ObjectHideFlags: 1
  m_PrefabParentObject: {fileID: 0}
  m_PrefabInternal: {fileID: 100100000}
  m_GameObject: {fileID: 177926}
  m_LocalRotation: {x: 0, y: .382683456, z: 0, w: .923879504}
  m_LocalPosition: {x: 31.3999996, y: 23.3999996, z: -47.9000015}
  m_LocalScale: {x: 1.5, y: 1.5, z: 1.5}
  m_Children:
  - {fileID: 419694}
  - {fileID: 427254}
  - {fileID: 423232}
  - {fileID: 458268}
  - {fileID: 475882}
  - {fileID: 460634}
  - {fileID: 475026}
  m_Father: {fileID: 0}
  m_RootOrder: 0
--- !u!4 &458268
Transform:
  m_ObjectHideFlags: 1
  m_PrefabParentObject: {fileID: 0}
  m_PrefabInternal: {fileID: 100100000}
  m_GameObject: {fileID: 175552}
  m_LocalRotation: {x: -6.12323492e-17, y: -1.49011612e-07, z: -6.12323228e-17, w: 1}
  m_LocalPosition: {x: .0455932245, y: -12.6686993, z: .00222265976}
  m_LocalScale: {x: 1.46666658, y: 1.50333631, z: 1.4666667}
  m_Children: []
  m_Father: {fileID: 442360}
  m_RootOrder: 3
--- !u!4 &460634
Transform:
  m_ObjectHideFlags: 1
  m_PrefabParentObject: {fileID: 0}
  m_PrefabInternal: {fileID: 100100000}
  m_GameObject: {fileID: 143738}
  m_LocalRotation: {x: -6.12323162e-17, y: -1, z: 6.12323559e-17, w: -3.57627869e-07}
  m_LocalPosition: {x: .0455932245, y: -3.79901505, z: .00222265976}
  m_LocalScale: {x: 1.4666667, y: 1.50333631, z: 1.4666667}
  m_Children: []
  m_Father: {fileID: 442360}
  m_RootOrder: 5
--- !u!4 &475026
Transform:
  m_ObjectHideFlags: 1
  m_PrefabParentObject: {fileID: 0}
  m_PrefabInternal: {fileID: 100100000}
  m_GameObject: {fileID: 175840}
  m_LocalRotation: {x: -3.30872245e-24, y: .707106709, z: -8.6595606e-17, w: .707106829}
  m_LocalPosition: {x: .0455932245, y: -8.91035843, z: .00222265976}
  m_LocalScale: {x: 1.46666694, y: 1.50333631, z: 1.4666667}
  m_Children: []
  m_Father: {fileID: 442360}
  m_RootOrder: 6
--- !u!4 &475882
Transform:
  m_ObjectHideFlags: 1
  m_PrefabParentObject: {fileID: 0}
  m_PrefabInternal: {fileID: 100100000}
  m_GameObject: {fileID: 105488}
  m_LocalRotation: {x: -6.12323492e-17, y: -1.49011612e-07, z: -6.12323228e-17, w: 1}
  m_LocalPosition: {x: .0455932245, y: 10.6330128, z: .00222265976}
  m_LocalScale: {x: 1.46666658, y: 1.50333631, z: 1.4666667}
  m_Children: []
  m_Father: {fileID: 442360}
  m_RootOrder: 4
--- !u!23 &2311820
MeshRenderer:
  m_ObjectHideFlags: 1
  m_PrefabParentObject: {fileID: 0}
  m_PrefabInternal: {fileID: 100100000}
  m_GameObject: {fileID: 152582}
  m_Enabled: 1
  m_CastShadows: 1
  m_ReceiveShadows: 1
  m_Materials:
  - {fileID: 2100000, guid: b8e82816f08b54f82bd20f0a278139c6, type: 2}
  m_SubsetIndices: 
  m_StaticBatchRoot: {fileID: 0}
  m_UseLightProbes: 1
  m_ReflectionProbeUsage: 1
  m_ProbeAnchor: {fileID: 0}
  m_ScaleInLightmap: 1
  m_PreserveUVs: 0
  m_ImportantGI: 0
  m_AutoUVMaxDistance: .5
  m_AutoUVMaxAngle: 89
  m_LightmapParameters: {fileID: 0}
  m_SortingLayerID: 0
  m_SortingOrder: 0
--- !u!23 &2322942
MeshRenderer:
  m_ObjectHideFlags: 1
  m_PrefabParentObject: {fileID: 0}
  m_PrefabInternal: {fileID: 100100000}
  m_GameObject: {fileID: 175552}
  m_Enabled: 1
  m_CastShadows: 1
  m_ReceiveShadows: 1
  m_Materials:
  - {fileID: 2100000, guid: b8e82816f08b54f82bd20f0a278139c6, type: 2}
  m_SubsetIndices: 
  m_StaticBatchRoot: {fileID: 0}
  m_UseLightProbes: 1
  m_ReflectionProbeUsage: 1
  m_ProbeAnchor: {fileID: 0}
  m_ScaleInLightmap: 1
  m_PreserveUVs: 0
  m_ImportantGI: 0
  m_AutoUVMaxDistance: .5
  m_AutoUVMaxAngle: 89
  m_LightmapParameters: {fileID: 0}
  m_SortingLayerID: 0
  m_SortingOrder: 0
--- !u!23 &2335430
MeshRenderer:
  m_ObjectHideFlags: 1
  m_PrefabParentObject: {fileID: 0}
  m_PrefabInternal: {fileID: 100100000}
  m_GameObject: {fileID: 179848}
  m_Enabled: 1
  m_CastShadows: 1
  m_ReceiveShadows: 1
  m_Materials:
  - {fileID: 2100000, guid: b8e82816f08b54f82bd20f0a278139c6, type: 2}
  m_SubsetIndices: 
  m_StaticBatchRoot: {fileID: 0}
  m_UseLightProbes: 1
  m_ReflectionProbeUsage: 1
  m_ProbeAnchor: {fileID: 0}
  m_ScaleInLightmap: 1
  m_PreserveUVs: 0
  m_ImportantGI: 0
  m_AutoUVMaxDistance: .5
  m_AutoUVMaxAngle: 89
  m_LightmapParameters: {fileID: 0}
  m_SortingLayerID: 0
  m_SortingOrder: 0
--- !u!23 &2353900
MeshRenderer:
  m_ObjectHideFlags: 1
  m_PrefabParentObject: {fileID: 0}
  m_PrefabInternal: {fileID: 100100000}
  m_GameObject: {fileID: 105488}
  m_Enabled: 1
  m_CastShadows: 1
  m_ReceiveShadows: 1
  m_Materials:
  - {fileID: 2100000, guid: b8e82816f08b54f82bd20f0a278139c6, type: 2}
  m_SubsetIndices: 
  m_StaticBatchRoot: {fileID: 0}
  m_UseLightProbes: 1
  m_ReflectionProbeUsage: 1
  m_ProbeAnchor: {fileID: 0}
  m_ScaleInLightmap: 1
  m_PreserveUVs: 0
  m_ImportantGI: 0
  m_AutoUVMaxDistance: .5
  m_AutoUVMaxAngle: 89
  m_LightmapParameters: {fileID: 0}
  m_SortingLayerID: 0
  m_SortingOrder: 0
--- !u!23 &2360404
MeshRenderer:
  m_ObjectHideFlags: 1
  m_PrefabParentObject: {fileID: 0}
  m_PrefabInternal: {fileID: 100100000}
  m_GameObject: {fileID: 143738}
  m_Enabled: 1
  m_CastShadows: 1
  m_ReceiveShadows: 1
  m_Materials:
  - {fileID: 2100000, guid: b8e82816f08b54f82bd20f0a278139c6, type: 2}
  m_SubsetIndices: 
  m_StaticBatchRoot: {fileID: 0}
  m_UseLightProbes: 1
  m_ReflectionProbeUsage: 1
  m_ProbeAnchor: {fileID: 0}
  m_ScaleInLightmap: 1
  m_PreserveUVs: 0
  m_ImportantGI: 0
  m_AutoUVMaxDistance: .5
  m_AutoUVMaxAngle: 89
  m_LightmapParameters: {fileID: 0}
  m_SortingLayerID: 0
  m_SortingOrder: 0
--- !u!23 &2389746
MeshRenderer:
  m_ObjectHideFlags: 1
  m_PrefabParentObject: {fileID: 0}
  m_PrefabInternal: {fileID: 100100000}
  m_GameObject: {fileID: 175840}
  m_Enabled: 1
  m_CastShadows: 1
  m_ReceiveShadows: 1
  m_Materials:
  - {fileID: 2100000, guid: b8e82816f08b54f82bd20f0a278139c6, type: 2}
  m_SubsetIndices: 
  m_StaticBatchRoot: {fileID: 0}
  m_UseLightProbes: 1
  m_ReflectionProbeUsage: 1
  m_ProbeAnchor: {fileID: 0}
  m_ScaleInLightmap: 1
  m_PreserveUVs: 0
  m_ImportantGI: 0
  m_AutoUVMaxDistance: .5
  m_AutoUVMaxAngle: 89
  m_LightmapParameters: {fileID: 0}
  m_SortingLayerID: 0
  m_SortingOrder: 0
--- !u!23 &2399278
MeshRenderer:
  m_ObjectHideFlags: 1
  m_PrefabParentObject: {fileID: 0}
  m_PrefabInternal: {fileID: 100100000}
  m_GameObject: {fileID: 136404}
  m_Enabled: 1
  m_CastShadows: 1
  m_ReceiveShadows: 1
  m_Materials:
  - {fileID: 2100000, guid: b8e82816f08b54f82bd20f0a278139c6, type: 2}
  m_SubsetIndices: 
  m_StaticBatchRoot: {fileID: 0}
  m_UseLightProbes: 1
  m_ReflectionProbeUsage: 1
  m_ProbeAnchor: {fileID: 0}
  m_ScaleInLightmap: 1
  m_PreserveUVs: 0
  m_ImportantGI: 0
  m_AutoUVMaxDistance: .5
  m_AutoUVMaxAngle: 89
  m_LightmapParameters: {fileID: 0}
  m_SortingLayerID: 0
  m_SortingOrder: 0
--- !u!33 &3321644
MeshFilter:
  m_ObjectHideFlags: 1
  m_PrefabParentObject: {fileID: 0}
  m_PrefabInternal: {fileID: 100100000}
  m_GameObject: {fileID: 105488}
  m_Mesh: {fileID: 4300004, guid: 62a551957592440938a83335434eb057, type: 3}
--- !u!33 &3332312
MeshFilter:
  m_ObjectHideFlags: 1
  m_PrefabParentObject: {fileID: 0}
  m_PrefabInternal: {fileID: 100100000}
  m_GameObject: {fileID: 179848}
  m_Mesh: {fileID: 4300010, guid: 62a551957592440938a83335434eb057, type: 3}
--- !u!33 &3349076
MeshFilter:
  m_ObjectHideFlags: 1
  m_PrefabParentObject: {fileID: 0}
  m_PrefabInternal: {fileID: 100100000}
  m_GameObject: {fileID: 175552}
  m_Mesh: {fileID: 4300010, guid: 62a551957592440938a83335434eb057, type: 3}
--- !u!33 &3356656
MeshFilter:
  m_ObjectHideFlags: 1
  m_PrefabParentObject: {fileID: 0}
  m_PrefabInternal: {fileID: 100100000}
  m_GameObject: {fileID: 136404}
  m_Mesh: {fileID: 4300010, guid: 62a551957592440938a83335434eb057, type: 3}
--- !u!33 &3367516
MeshFilter:
  m_ObjectHideFlags: 1
  m_PrefabParentObject: {fileID: 0}
  m_PrefabInternal: {fileID: 100100000}
  m_GameObject: {fileID: 143738}
  m_Mesh: {fileID: 4300004, guid: 62a551957592440938a83335434eb057, type: 3}
--- !u!33 &3386720
MeshFilter:
  m_ObjectHideFlags: 1
  m_PrefabParentObject: {fileID: 0}
  m_PrefabInternal: {fileID: 100100000}
  m_GameObject: {fileID: 152582}
  m_Mesh: {fileID: 4300054, guid: 62a551957592440938a83335434eb057, type: 3}
--- !u!33 &3398650
MeshFilter:
  m_ObjectHideFlags: 1
  m_PrefabParentObject: {fileID: 0}
  m_PrefabInternal: {fileID: 100100000}
  m_GameObject: {fileID: 175840}
  m_Mesh: {fileID: 4300004, guid: 62a551957592440938a83335434eb057, type: 3}
--- !u!54 &5400000
Rigidbody:
  m_ObjectHideFlags: 1
  m_PrefabParentObject: {fileID: 0}
  m_PrefabInternal: {fileID: 100100000}
  m_GameObject: {fileID: 152582}
  serializedVersion: 2
  m_Mass: 1
  m_Drag: 0
  m_AngularDrag: .0500000007
  m_UseGravity: 1
  m_IsKinematic: 0
  m_Interpolate: 0
  m_Constraints: 0
  m_CollisionDetection: 0
--- !u!54 &5438958
Rigidbody:
  m_ObjectHideFlags: 1
  m_PrefabParentObject: {fileID: 0}
  m_PrefabInternal: {fileID: 100100000}
  m_GameObject: {fileID: 179848}
  serializedVersion: 2
  m_Mass: 1
  m_Drag: 0
  m_AngularDrag: .0500000007
  m_UseGravity: 1
  m_IsKinematic: 0
  m_Interpolate: 0
  m_Constraints: 0
  m_CollisionDetection: 0
--- !u!54 &5447964
Rigidbody:
  m_ObjectHideFlags: 1
  m_PrefabParentObject: {fileID: 0}
  m_PrefabInternal: {fileID: 100100000}
  m_GameObject: {fileID: 175840}
  serializedVersion: 2
  m_Mass: 1
  m_Drag: 0
  m_AngularDrag: .0500000007
  m_UseGravity: 1
  m_IsKinematic: 0
  m_Interpolate: 0
  m_Constraints: 0
  m_CollisionDetection: 0
--- !u!54 &5448234
Rigidbody:
  m_ObjectHideFlags: 1
  m_PrefabParentObject: {fileID: 0}
  m_PrefabInternal: {fileID: 100100000}
  m_GameObject: {fileID: 143738}
  serializedVersion: 2
  m_Mass: 1
  m_Drag: 0
  m_AngularDrag: .0500000007
  m_UseGravity: 1
  m_IsKinematic: 0
  m_Interpolate: 0
  m_Constraints: 0
  m_CollisionDetection: 0
--- !u!54 &5467844
Rigidbody:
  m_ObjectHideFlags: 1
  m_PrefabParentObject: {fileID: 0}
  m_PrefabInternal: {fileID: 100100000}
  m_GameObject: {fileID: 105488}
  serializedVersion: 2
  m_Mass: 1
  m_Drag: 0
  m_AngularDrag: .0500000007
  m_UseGravity: 1
  m_IsKinematic: 0
  m_Interpolate: 0
  m_Constraints: 0
  m_CollisionDetection: 0
--- !u!54 &5480392
Rigidbody:
  m_ObjectHideFlags: 1
  m_PrefabParentObject: {fileID: 0}
  m_PrefabInternal: {fileID: 100100000}
  m_GameObject: {fileID: 175552}
  serializedVersion: 2
  m_Mass: 1
  m_Drag: 0
  m_AngularDrag: .0500000007
  m_UseGravity: 1
  m_IsKinematic: 0
  m_Interpolate: 0
  m_Constraints: 0
  m_CollisionDetection: 0
--- !u!54 &5490078
Rigidbody:
  m_ObjectHideFlags: 1
  m_PrefabParentObject: {fileID: 0}
  m_PrefabInternal: {fileID: 100100000}
  m_GameObject: {fileID: 136404}
  serializedVersion: 2
  m_Mass: 1
  m_Drag: 0
  m_AngularDrag: .0500000007
  m_UseGravity: 1
  m_IsKinematic: 0
  m_Interpolate: 0
  m_Constraints: 0
  m_CollisionDetection: 0
--- !u!64 &6401958
MeshCollider:
  m_ObjectHideFlags: 1
  m_PrefabParentObject: {fileID: 0}
  m_PrefabInternal: {fileID: 100100000}
  m_GameObject: {fileID: 175840}
  m_Material: {fileID: 0}
  m_IsTrigger: 0
  m_Enabled: 1
  serializedVersion: 2
  m_Convex: 1
  m_Mesh: {fileID: 4300004, guid: 62a551957592440938a83335434eb057, type: 3}
--- !u!64 &6432634
MeshCollider:
  m_ObjectHideFlags: 1
  m_PrefabParentObject: {fileID: 0}
  m_PrefabInternal: {fileID: 100100000}
  m_GameObject: {fileID: 152582}
  m_Material: {fileID: 0}
  m_IsTrigger: 0
  m_Enabled: 1
  serializedVersion: 2
  m_Convex: 1
  m_Mesh: {fileID: 4300054, guid: 62a551957592440938a83335434eb057, type: 3}
--- !u!64 &6437468
MeshCollider:
  m_ObjectHideFlags: 1
  m_PrefabParentObject: {fileID: 0}
  m_PrefabInternal: {fileID: 100100000}
  m_GameObject: {fileID: 179848}
  m_Material: {fileID: 0}
  m_IsTrigger: 0
  m_Enabled: 1
  serializedVersion: 2
  m_Convex: 1
  m_Mesh: {fileID: 4300010, guid: 62a551957592440938a83335434eb057, type: 3}
--- !u!64 &6447682
MeshCollider:
  m_ObjectHideFlags: 1
  m_PrefabParentObject: {fileID: 0}
  m_PrefabInternal: {fileID: 100100000}
  m_GameObject: {fileID: 175552}
  m_Material: {fileID: 0}
  m_IsTrigger: 0
  m_Enabled: 1
  serializedVersion: 2
  m_Convex: 1
  m_Mesh: {fileID: 4300010, guid: 62a551957592440938a83335434eb057, type: 3}
--- !u!64 &6454032
MeshCollider:
  m_ObjectHideFlags: 1
  m_PrefabParentObject: {fileID: 0}
  m_PrefabInternal: {fileID: 100100000}
  m_GameObject: {fileID: 143738}
  m_Material: {fileID: 0}
  m_IsTrigger: 0
  m_Enabled: 1
  serializedVersion: 2
  m_Convex: 1
  m_Mesh: {fileID: 4300004, guid: 62a551957592440938a83335434eb057, type: 3}
--- !u!64 &6465468
MeshCollider:
  m_ObjectHideFlags: 1
  m_PrefabParentObject: {fileID: 0}
  m_PrefabInternal: {fileID: 100100000}
  m_GameObject: {fileID: 105488}
  m_Material: {fileID: 0}
  m_IsTrigger: 0
  m_Enabled: 1
  serializedVersion: 2
  m_Convex: 1
  m_Mesh: {fileID: 4300004, guid: 62a551957592440938a83335434eb057, type: 3}
--- !u!64 &6482496
MeshCollider:
  m_ObjectHideFlags: 1
  m_PrefabParentObject: {fileID: 0}
  m_PrefabInternal: {fileID: 100100000}
  m_GameObject: {fileID: 136404}
  m_Material: {fileID: 0}
  m_IsTrigger: 0
  m_Enabled: 1
  serializedVersion: 2
  m_Convex: 1
  m_Mesh: {fileID: 4300010, guid: 62a551957592440938a83335434eb057, type: 3}
--- !u!114 &11403672
MonoBehaviour:
  m_ObjectHideFlags: 1
  m_PrefabParentObject: {fileID: 0}
  m_PrefabInternal: {fileID: 100100000}
  m_GameObject: {fileID: 152582}
  m_Enabled: 1
  m_EditorHideFlags: 0
  m_Script: {fileID: 11500000, guid: 19730dd0c854644d89302436824f32b2, type: 3}
  m_Name: 
  m_EditorClassIdentifier: 
  centerLeg1: {fileID: 110954, guid: acc5dc1271788491f94df93c6d13a613, type: 2}
  centerLeg2: {fileID: 137370, guid: acc5dc1271788491f94df93c6d13a613, type: 2}
  centerLeg3: {fileID: 192326, guid: acc5dc1271788491f94df93c6d13a613, type: 2}
  centerLeg4: {fileID: 184332, guid: acc5dc1271788491f94df93c6d13a613, type: 2}
  centerTop1: {fileID: 161404, guid: acc5dc1271788491f94df93c6d13a613, type: 2}
  centerTop2: {fileID: 194702, guid: acc5dc1271788491f94df93c6d13a613, type: 2}
  centerTop3: {fileID: 193144, guid: acc5dc1271788491f94df93c6d13a613, type: 2}
  centerTop4: {fileID: 185464, guid: acc5dc1271788491f94df93c6d13a613, type: 2}
  centerLegFracture1: {fileID: 141306, guid: 9917512e51e3845c6b381738f8067d6b, type: 2}
  centerLegFracture2: {fileID: 177926}
  centerLegFracture3: {fileID: 151274, guid: c44d5b379f35848f881ce6f55d2280de, type: 2}
  centerLegFracture4: {fileID: 194552, guid: b91ab70ef6ec64211becf37f39046aea, type: 2}
  centerTopFracture1: {fileID: 135232, guid: e007c421933c047c4beb8a1c449ffb1b, type: 2}
  centerTopFracture2: {fileID: 135860, guid: 0fdedfe3d2b1b41a2b3059e45d4088fa, type: 2}
  centerTopFracture3: {fileID: 103322, guid: 5d60d189a0e6f48229fdcc8243845026, type: 2}
  centerTopFracture4: {fileID: 116602, guid: 23b06ded102d849b49751dd53e2b72cf, type: 2}
  centerChunkWedge1: {fileID: 175552}
  centerChunkWedge2: {fileID: 179848}
  centerChunkWedge3: {fileID: 136404}
  centerChunkAngle1: {fileID: 175840}
  centerChunkAngle2: {fileID: 143738}
  centerChunkAngle3: {fileID: 105488}
  centerChunkCube: {fileID: 152582}
  centerPiecesWedge: {fileID: 105986, guid: 4011098de3bb54fc2bff38e275dec28d, type: 2}
  centerPiecesAngle: {fileID: 126380, guid: e003f9caae71a4cd2a1803cb0408e187, type: 2}
  centerPiecesCube: {fileID: 194168, guid: 3f03e0c6805ed49b9b39bbccb780774f, type: 2}
--- !u!114 &11412776
MonoBehaviour:
  m_ObjectHideFlags: 1
  m_PrefabParentObject: {fileID: 0}
  m_PrefabInternal: {fileID: 100100000}
  m_GameObject: {fileID: 175552}
  m_Enabled: 1
  m_EditorHideFlags: 0
  m_Script: {fileID: 11500000, guid: 19730dd0c854644d89302436824f32b2, type: 3}
  m_Name: 
  m_EditorClassIdentifier: 
  centerLeg1: {fileID: 110954, guid: acc5dc1271788491f94df93c6d13a613, type: 2}
  centerLeg2: {fileID: 137370, guid: acc5dc1271788491f94df93c6d13a613, type: 2}
  centerLeg3: {fileID: 192326, guid: acc5dc1271788491f94df93c6d13a613, type: 2}
  centerLeg4: {fileID: 184332, guid: acc5dc1271788491f94df93c6d13a613, type: 2}
  centerTop1: {fileID: 161404, guid: acc5dc1271788491f94df93c6d13a613, type: 2}
  centerTop2: {fileID: 194702, guid: acc5dc1271788491f94df93c6d13a613, type: 2}
  centerTop3: {fileID: 193144, guid: acc5dc1271788491f94df93c6d13a613, type: 2}
  centerTop4: {fileID: 185464, guid: acc5dc1271788491f94df93c6d13a613, type: 2}
  centerLegFracture1: {fileID: 141306, guid: 9917512e51e3845c6b381738f8067d6b, type: 2}
  centerLegFracture2: {fileID: 177926}
  centerLegFracture3: {fileID: 151274, guid: c44d5b379f35848f881ce6f55d2280de, type: 2}
  centerLegFracture4: {fileID: 194552, guid: b91ab70ef6ec64211becf37f39046aea, type: 2}
  centerTopFracture1: {fileID: 135232, guid: e007c421933c047c4beb8a1c449ffb1b, type: 2}
  centerTopFracture2: {fileID: 135860, guid: 0fdedfe3d2b1b41a2b3059e45d4088fa, type: 2}
  centerTopFracture3: {fileID: 103322, guid: 5d60d189a0e6f48229fdcc8243845026, type: 2}
  centerTopFracture4: {fileID: 116602, guid: 23b06ded102d849b49751dd53e2b72cf, type: 2}
  centerChunkWedge1: {fileID: 175552}
  centerChunkWedge2: {fileID: 179848}
  centerChunkWedge3: {fileID: 136404}
  centerChunkAngle1: {fileID: 175840}
  centerChunkAngle2: {fileID: 143738}
  centerChunkAngle3: {fileID: 105488}
  centerChunkCube: {fileID: 152582}
  centerPiecesWedge: {fileID: 105986, guid: 4011098de3bb54fc2bff38e275dec28d, type: 2}
  centerPiecesAngle: {fileID: 126380, guid: e003f9caae71a4cd2a1803cb0408e187, type: 2}
  centerPiecesCube: {fileID: 194168, guid: 3f03e0c6805ed49b9b39bbccb780774f, type: 2}
--- !u!114 &11435360
MonoBehaviour:
  m_ObjectHideFlags: 1
  m_PrefabParentObject: {fileID: 0}
  m_PrefabInternal: {fileID: 100100000}
  m_GameObject: {fileID: 105488}
  m_Enabled: 1
  m_EditorHideFlags: 0
  m_Script: {fileID: 11500000, guid: 19730dd0c854644d89302436824f32b2, type: 3}
  m_Name: 
  m_EditorClassIdentifier: 
  centerLeg1: {fileID: 110954, guid: acc5dc1271788491f94df93c6d13a613, type: 2}
  centerLeg2: {fileID: 137370, guid: acc5dc1271788491f94df93c6d13a613, type: 2}
  centerLeg3: {fileID: 192326, guid: acc5dc1271788491f94df93c6d13a613, type: 2}
  centerLeg4: {fileID: 184332, guid: acc5dc1271788491f94df93c6d13a613, type: 2}
  centerTop1: {fileID: 161404, guid: acc5dc1271788491f94df93c6d13a613, type: 2}
  centerTop2: {fileID: 194702, guid: acc5dc1271788491f94df93c6d13a613, type: 2}
  centerTop3: {fileID: 193144, guid: acc5dc1271788491f94df93c6d13a613, type: 2}
  centerTop4: {fileID: 185464, guid: acc5dc1271788491f94df93c6d13a613, type: 2}
  centerLegFracture1: {fileID: 141306, guid: 9917512e51e3845c6b381738f8067d6b, type: 2}
  centerLegFracture2: {fileID: 177926}
  centerLegFracture3: {fileID: 151274, guid: c44d5b379f35848f881ce6f55d2280de, type: 2}
  centerLegFracture4: {fileID: 194552, guid: b91ab70ef6ec64211becf37f39046aea, type: 2}
  centerTopFracture1: {fileID: 135232, guid: e007c421933c047c4beb8a1c449ffb1b, type: 2}
  centerTopFracture2: {fileID: 135860, guid: 0fdedfe3d2b1b41a2b3059e45d4088fa, type: 2}
  centerTopFracture3: {fileID: 103322, guid: 5d60d189a0e6f48229fdcc8243845026, type: 2}
  centerTopFracture4: {fileID: 116602, guid: 23b06ded102d849b49751dd53e2b72cf, type: 2}
  centerChunkWedge1: {fileID: 175552}
  centerChunkWedge2: {fileID: 179848}
  centerChunkWedge3: {fileID: 136404}
  centerChunkAngle1: {fileID: 175840}
  centerChunkAngle2: {fileID: 143738}
  centerChunkAngle3: {fileID: 105488}
  centerChunkCube: {fileID: 152582}
  centerPiecesWedge: {fileID: 105986, guid: 4011098de3bb54fc2bff38e275dec28d, type: 2}
  centerPiecesAngle: {fileID: 126380, guid: e003f9caae71a4cd2a1803cb0408e187, type: 2}
  centerPiecesCube: {fileID: 194168, guid: 3f03e0c6805ed49b9b39bbccb780774f, type: 2}
--- !u!114 &11441942
MonoBehaviour:
  m_ObjectHideFlags: 1
  m_PrefabParentObject: {fileID: 0}
  m_PrefabInternal: {fileID: 100100000}
  m_GameObject: {fileID: 143738}
  m_Enabled: 1
  m_EditorHideFlags: 0
  m_Script: {fileID: 11500000, guid: 19730dd0c854644d89302436824f32b2, type: 3}
  m_Name: 
  m_EditorClassIdentifier: 
  centerLeg1: {fileID: 110954, guid: acc5dc1271788491f94df93c6d13a613, type: 2}
  centerLeg2: {fileID: 137370, guid: acc5dc1271788491f94df93c6d13a613, type: 2}
  centerLeg3: {fileID: 192326, guid: acc5dc1271788491f94df93c6d13a613, type: 2}
  centerLeg4: {fileID: 184332, guid: acc5dc1271788491f94df93c6d13a613, type: 2}
  centerTop1: {fileID: 161404, guid: acc5dc1271788491f94df93c6d13a613, type: 2}
  centerTop2: {fileID: 194702, guid: acc5dc1271788491f94df93c6d13a613, type: 2}
  centerTop3: {fileID: 193144, guid: acc5dc1271788491f94df93c6d13a613, type: 2}
  centerTop4: {fileID: 185464, guid: acc5dc1271788491f94df93c6d13a613, type: 2}
  centerLegFracture1: {fileID: 141306, guid: 9917512e51e3845c6b381738f8067d6b, type: 2}
  centerLegFracture2: {fileID: 177926}
  centerLegFracture3: {fileID: 151274, guid: c44d5b379f35848f881ce6f55d2280de, type: 2}
  centerLegFracture4: {fileID: 194552, guid: b91ab70ef6ec64211becf37f39046aea, type: 2}
  centerTopFracture1: {fileID: 135232, guid: e007c421933c047c4beb8a1c449ffb1b, type: 2}
  centerTopFracture2: {fileID: 135860, guid: 0fdedfe3d2b1b41a2b3059e45d4088fa, type: 2}
  centerTopFracture3: {fileID: 103322, guid: 5d60d189a0e6f48229fdcc8243845026, type: 2}
  centerTopFracture4: {fileID: 116602, guid: 23b06ded102d849b49751dd53e2b72cf, type: 2}
  centerChunkWedge1: {fileID: 175552}
  centerChunkWedge2: {fileID: 179848}
  centerChunkWedge3: {fileID: 136404}
  centerChunkAngle1: {fileID: 175840}
  centerChunkAngle2: {fileID: 143738}
  centerChunkAngle3: {fileID: 105488}
  centerChunkCube: {fileID: 152582}
  centerPiecesWedge: {fileID: 105986, guid: 4011098de3bb54fc2bff38e275dec28d, type: 2}
  centerPiecesAngle: {fileID: 126380, guid: e003f9caae71a4cd2a1803cb0408e187, type: 2}
  centerPiecesCube: {fileID: 194168, guid: 3f03e0c6805ed49b9b39bbccb780774f, type: 2}
--- !u!114 &11463124
MonoBehaviour:
  m_ObjectHideFlags: 1
  m_PrefabParentObject: {fileID: 0}
  m_PrefabInternal: {fileID: 100100000}
  m_GameObject: {fileID: 136404}
  m_Enabled: 1
  m_EditorHideFlags: 0
  m_Script: {fileID: 11500000, guid: 19730dd0c854644d89302436824f32b2, type: 3}
  m_Name: 
  m_EditorClassIdentifier: 
  centerLeg1: {fileID: 110954, guid: acc5dc1271788491f94df93c6d13a613, type: 2}
  centerLeg2: {fileID: 137370, guid: acc5dc1271788491f94df93c6d13a613, type: 2}
  centerLeg3: {fileID: 192326, guid: acc5dc1271788491f94df93c6d13a613, type: 2}
  centerLeg4: {fileID: 184332, guid: acc5dc1271788491f94df93c6d13a613, type: 2}
  centerTop1: {fileID: 161404, guid: acc5dc1271788491f94df93c6d13a613, type: 2}
  centerTop2: {fileID: 194702, guid: acc5dc1271788491f94df93c6d13a613, type: 2}
  centerTop3: {fileID: 193144, guid: acc5dc1271788491f94df93c6d13a613, type: 2}
  centerTop4: {fileID: 185464, guid: acc5dc1271788491f94df93c6d13a613, type: 2}
  centerLegFracture1: {fileID: 141306, guid: 9917512e51e3845c6b381738f8067d6b, type: 2}
  centerLegFracture2: {fileID: 177926}
  centerLegFracture3: {fileID: 151274, guid: c44d5b379f35848f881ce6f55d2280de, type: 2}
  centerLegFracture4: {fileID: 194552, guid: b91ab70ef6ec64211becf37f39046aea, type: 2}
  centerTopFracture1: {fileID: 135232, guid: e007c421933c047c4beb8a1c449ffb1b, type: 2}
  centerTopFracture2: {fileID: 135860, guid: 0fdedfe3d2b1b41a2b3059e45d4088fa, type: 2}
  centerTopFracture3: {fileID: 103322, guid: 5d60d189a0e6f48229fdcc8243845026, type: 2}
  centerTopFracture4: {fileID: 116602, guid: 23b06ded102d849b49751dd53e2b72cf, type: 2}
  centerChunkWedge1: {fileID: 175552}
  centerChunkWedge2: {fileID: 179848}
  centerChunkWedge3: {fileID: 136404}
  centerChunkAngle1: {fileID: 175840}
  centerChunkAngle2: {fileID: 143738}
  centerChunkAngle3: {fileID: 105488}
  centerChunkCube: {fileID: 152582}
  centerPiecesWedge: {fileID: 105986, guid: 4011098de3bb54fc2bff38e275dec28d, type: 2}
  centerPiecesAngle: {fileID: 126380, guid: e003f9caae71a4cd2a1803cb0408e187, type: 2}
  centerPiecesCube: {fileID: 194168, guid: 3f03e0c6805ed49b9b39bbccb780774f, type: 2}
--- !u!114 &11466580
MonoBehaviour:
  m_ObjectHideFlags: 1
  m_PrefabParentObject: {fileID: 0}
  m_PrefabInternal: {fileID: 100100000}
  m_GameObject: {fileID: 179848}
  m_Enabled: 1
  m_EditorHideFlags: 0
  m_Script: {fileID: 11500000, guid: 19730dd0c854644d89302436824f32b2, type: 3}
  m_Name: 
  m_EditorClassIdentifier: 
  centerLeg1: {fileID: 110954, guid: acc5dc1271788491f94df93c6d13a613, type: 2}
  centerLeg2: {fileID: 137370, guid: acc5dc1271788491f94df93c6d13a613, type: 2}
  centerLeg3: {fileID: 192326, guid: acc5dc1271788491f94df93c6d13a613, type: 2}
  centerLeg4: {fileID: 184332, guid: acc5dc1271788491f94df93c6d13a613, type: 2}
  centerTop1: {fileID: 161404, guid: acc5dc1271788491f94df93c6d13a613, type: 2}
  centerTop2: {fileID: 194702, guid: acc5dc1271788491f94df93c6d13a613, type: 2}
  centerTop3: {fileID: 193144, guid: acc5dc1271788491f94df93c6d13a613, type: 2}
  centerTop4: {fileID: 185464, guid: acc5dc1271788491f94df93c6d13a613, type: 2}
  centerLegFracture1: {fileID: 141306, guid: 9917512e51e3845c6b381738f8067d6b, type: 2}
  centerLegFracture2: {fileID: 177926}
  centerLegFracture3: {fileID: 151274, guid: c44d5b379f35848f881ce6f55d2280de, type: 2}
  centerLegFracture4: {fileID: 194552, guid: b91ab70ef6ec64211becf37f39046aea, type: 2}
  centerTopFracture1: {fileID: 135232, guid: e007c421933c047c4beb8a1c449ffb1b, type: 2}
  centerTopFracture2: {fileID: 135860, guid: 0fdedfe3d2b1b41a2b3059e45d4088fa, type: 2}
  centerTopFracture3: {fileID: 103322, guid: 5d60d189a0e6f48229fdcc8243845026, type: 2}
  centerTopFracture4: {fileID: 116602, guid: 23b06ded102d849b49751dd53e2b72cf, type: 2}
  centerChunkWedge1: {fileID: 175552}
  centerChunkWedge2: {fileID: 179848}
  centerChunkWedge3: {fileID: 136404}
  centerChunkAngle1: {fileID: 175840}
  centerChunkAngle2: {fileID: 143738}
  centerChunkAngle3: {fileID: 105488}
  centerChunkCube: {fileID: 152582}
  centerPiecesWedge: {fileID: 105986, guid: 4011098de3bb54fc2bff38e275dec28d, type: 2}
  centerPiecesAngle: {fileID: 126380, guid: e003f9caae71a4cd2a1803cb0408e187, type: 2}
  centerPiecesCube: {fileID: 194168, guid: 3f03e0c6805ed49b9b39bbccb780774f, type: 2}
--- !u!114 &11476700
MonoBehaviour:
  m_ObjectHideFlags: 1
  m_PrefabParentObject: {fileID: 0}
  m_PrefabInternal: {fileID: 100100000}
  m_GameObject: {fileID: 175840}
  m_Enabled: 1
  m_EditorHideFlags: 0
  m_Script: {fileID: 11500000, guid: 19730dd0c854644d89302436824f32b2, type: 3}
  m_Name: 
  m_EditorClassIdentifier: 
  centerLeg1: {fileID: 110954, guid: acc5dc1271788491f94df93c6d13a613, type: 2}
  centerLeg2: {fileID: 137370, guid: acc5dc1271788491f94df93c6d13a613, type: 2}
  centerLeg3: {fileID: 192326, guid: acc5dc1271788491f94df93c6d13a613, type: 2}
  centerLeg4: {fileID: 184332, guid: acc5dc1271788491f94df93c6d13a613, type: 2}
  centerTop1: {fileID: 161404, guid: acc5dc1271788491f94df93c6d13a613, type: 2}
  centerTop2: {fileID: 194702, guid: acc5dc1271788491f94df93c6d13a613, type: 2}
  centerTop3: {fileID: 193144, guid: acc5dc1271788491f94df93c6d13a613, type: 2}
  centerTop4: {fileID: 185464, guid: acc5dc1271788491f94df93c6d13a613, type: 2}
  centerLegFracture1: {fileID: 141306, guid: 9917512e51e3845c6b381738f8067d6b, type: 2}
  centerLegFracture2: {fileID: 177926}
  centerLegFracture3: {fileID: 151274, guid: c44d5b379f35848f881ce6f55d2280de, type: 2}
  centerLegFracture4: {fileID: 194552, guid: b91ab70ef6ec64211becf37f39046aea, type: 2}
  centerTopFracture1: {fileID: 135232, guid: e007c421933c047c4beb8a1c449ffb1b, type: 2}
  centerTopFracture2: {fileID: 135860, guid: 0fdedfe3d2b1b41a2b3059e45d4088fa, type: 2}
  centerTopFracture3: {fileID: 103322, guid: 5d60d189a0e6f48229fdcc8243845026, type: 2}
  centerTopFracture4: {fileID: 116602, guid: 23b06ded102d849b49751dd53e2b72cf, type: 2}
  centerChunkWedge1: {fileID: 175552}
  centerChunkWedge2: {fileID: 179848}
  centerChunkWedge3: {fileID: 136404}
  centerChunkAngle1: {fileID: 175840}
  centerChunkAngle2: {fileID: 143738}
  centerChunkAngle3: {fileID: 105488}
  centerChunkCube: {fileID: 152582}
  centerPiecesWedge: {fileID: 105986, guid: 4011098de3bb54fc2bff38e275dec28d, type: 2}
  centerPiecesAngle: {fileID: 126380, guid: e003f9caae71a4cd2a1803cb0408e187, type: 2}
  centerPiecesCube: {fileID: 194168, guid: 3f03e0c6805ed49b9b39bbccb780774f, type: 2}
--- !u!1001 &100100000
Prefab:
  m_ObjectHideFlags: 1
  serializedVersion: 2
  m_Modification:
    m_TransformParent: {fileID: 0}
    m_Modifications: []
    m_RemovedComponents: []
  m_ParentPrefab: {fileID: 0}
  m_RootGameObject: {fileID: 177926}
  m_IsPrefabParent: 1
