%YAML 1.1
%TAG !u! tag:unity3d.com,2011:
--- !u!1 &120336
GameObject:
  m_ObjectHideFlags: 0
  m_PrefabParentObject: {fileID: 0}
  m_PrefabInternal: {fileID: 100100000}
  serializedVersion: 4
  m_Component:
  - 4: {fileID: 422964}
  - 33: {fileID: 3393456}
  - 23: {fileID: 2358726}
  - 64: {fileID: 6448326}
  - 54: {fileID: 5409676}
  - 114: {fileID: 11436286}
  m_Layer: 0
  m_Name: CT4angle1
  m_TagString: Untagged
  m_Icon: {fileID: 0}
  m_NavMeshLayer: 0
  m_StaticEditorFlags: 0
  m_IsActive: 1
--- !u!1 &133670
GameObject:
  m_ObjectHideFlags: 0
  m_PrefabParentObject: {fileID: 0}
  m_PrefabInternal: {fileID: 100100000}
  serializedVersion: 4
  m_Component:
  - 4: {fileID: 481066}
  - 33: {fileID: 3323720}
  - 23: {fileID: 2330754}
  - 64: {fileID: 6446712}
  - 54: {fileID: 5473628}
  - 114: {fileID: 11486892}
  m_Layer: 0
  m_Name: CT4cube
  m_TagString: Untagged
  m_Icon: {fileID: 0}
  m_NavMeshLayer: 0
  m_StaticEditorFlags: 0
  m_IsActive: 1
--- !u!1 &135882
GameObject:
  m_ObjectHideFlags: 0
  m_PrefabParentObject: {fileID: 0}
  m_PrefabInternal: {fileID: 100100000}
  serializedVersion: 4
  m_Component:
  - 4: {fileID: 413078}
  m_Layer: 0
  m_Name: centerFractureTop4
  m_TagString: Untagged
  m_Icon: {fileID: 0}
  m_NavMeshLayer: 0
  m_StaticEditorFlags: 0
  m_IsActive: 1
--- !u!1 &151290
GameObject:
  m_ObjectHideFlags: 0
  m_PrefabParentObject: {fileID: 0}
  m_PrefabInternal: {fileID: 100100000}
  serializedVersion: 4
  m_Component:
  - 4: {fileID: 414050}
  - 33: {fileID: 3394746}
  - 23: {fileID: 2357600}
  - 54: {fileID: 5479458}
  - 64: {fileID: 6403490}
  - 114: {fileID: 11444722}
  m_Layer: 0
  m_Name: CT4wedge1
  m_TagString: Untagged
  m_Icon: {fileID: 0}
  m_NavMeshLayer: 0
  m_StaticEditorFlags: 0
  m_IsActive: 1
--- !u!1 &162854
GameObject:
  m_ObjectHideFlags: 0
  m_PrefabParentObject: {fileID: 0}
  m_PrefabInternal: {fileID: 100100000}
  serializedVersion: 4
  m_Component:
  - 4: {fileID: 444658}
  - 33: {fileID: 3340696}
  - 23: {fileID: 2310242}
  - 64: {fileID: 6420292}
  - 54: {fileID: 5468896}
  - 114: {fileID: 11441512}
  m_Layer: 0
  m_Name: CT4angle2
  m_TagString: Untagged
  m_Icon: {fileID: 0}
  m_NavMeshLayer: 0
  m_StaticEditorFlags: 0
  m_IsActive: 1
--- !u!1 &171830
GameObject:
  m_ObjectHideFlags: 0
  m_PrefabParentObject: {fileID: 0}
  m_PrefabInternal: {fileID: 100100000}
  serializedVersion: 4
  m_Component:
  - 4: {fileID: 417512}
  - 33: {fileID: 3359684}
  - 23: {fileID: 2333966}
  - 54: {fileID: 5499302}
  - 64: {fileID: 6454586}
  - 114: {fileID: 11450018}
  m_Layer: 0
  m_Name: CT4wedge2
  m_TagString: Untagged
  m_Icon: {fileID: 0}
  m_NavMeshLayer: 0
  m_StaticEditorFlags: 0
  m_IsActive: 1
--- !u!1 &174620
GameObject:
  m_ObjectHideFlags: 0
  m_PrefabParentObject: {fileID: 0}
  m_PrefabInternal: {fileID: 100100000}
  serializedVersion: 4
  m_Component:
  - 4: {fileID: 432702}
  - 33: {fileID: 3339226}
  - 23: {fileID: 2359410}
  - 64: {fileID: 6464772}
  - 54: {fileID: 5461048}
  - 114: {fileID: 11456594}
  m_Layer: 0
  m_Name: CT4angle3
  m_TagString: Untagged
  m_Icon: {fileID: 0}
  m_NavMeshLayer: 0
  m_StaticEditorFlags: 0
  m_IsActive: 1
--- !u!1 &177502
GameObject:
  m_ObjectHideFlags: 0
  m_PrefabParentObject: {fileID: 0}
  m_PrefabInternal: {fileID: 100100000}
  serializedVersion: 4
  m_Component:
  - 4: {fileID: 421300}
  - 33: {fileID: 3386112}
  - 23: {fileID: 2361776}
  - 54: {fileID: 5434476}
  - 64: {fileID: 6491370}
  - 114: {fileID: 11472104}
  m_Layer: 0
  m_Name: CT4wedge3
  m_TagString: Untagged
  m_Icon: {fileID: 0}
  m_NavMeshLayer: 0
  m_StaticEditorFlags: 0
  m_IsActive: 1
--- !u!4 &413078
Transform:
  m_ObjectHideFlags: 1
  m_PrefabParentObject: {fileID: 0}
  m_PrefabInternal: {fileID: 100100000}
  m_GameObject: {fileID: 135882}
  m_LocalRotation: {x: 0, y: -.382683426, z: 0, w: .923879623}
  m_LocalPosition: {x: 33.7383614, y: 6.07000017, z: -50.3254471}
  m_LocalScale: {x: 1.5, y: 1.5, z: 1.5}
  m_Children:
  - {fileID: 481066}
  - {fileID: 421300}
  - {fileID: 417512}
  - {fileID: 414050}
  - {fileID: 432702}
  - {fileID: 444658}
  - {fileID: 422964}
  m_Father: {fileID: 0}
  m_RootOrder: 0
--- !u!4 &414050
Transform:
  m_ObjectHideFlags: 1
  m_PrefabParentObject: {fileID: 0}
  m_PrefabInternal: {fileID: 100100000}
  m_GameObject: {fileID: 151290}
  m_LocalRotation: {x: -.342512608, y: -.618615746, z: .342512608, w: .618615329}
  m_LocalPosition: {x: -.00454203319, y: .101288483, z: 55.619545}
  m_LocalScale: {x: 1.92406607, y: 1.63659263, z: 1.45941341}
  m_Children: []
  m_Father: {fileID: 413078}
  m_RootOrder: 3
--- !u!4 &417512
Transform:
  m_ObjectHideFlags: 1
  m_PrefabParentObject: {fileID: 0}
  m_PrefabInternal: {fileID: 100100000}
  m_GameObject: {fileID: 171830}
  m_LocalRotation: {x: -.618615329, y: -.342512548, z: -.618615806, w: -.342512399}
  m_LocalPosition: {x: -.00453694677, y: 7.30262375, z: 44.1062088}
  m_LocalScale: {x: 1.92406595, y: 1.63659286, z: 1.45941377}
  m_Children: []
  m_Father: {fileID: 413078}
  m_RootOrder: 2
--- !u!4 &421300
Transform:
  m_ObjectHideFlags: 1
  m_PrefabParentObject: {fileID: 0}
  m_PrefabInternal: {fileID: 100100000}
  m_GameObject: {fileID: 177502}
  m_LocalRotation: {x: 5.96046412e-08, y: -.874854445, z: .484385997, w: -2.38418565e-07}
  m_LocalPosition: {x: -.00453186035, y: 11.7319555, z: 37.0222054}
  m_LocalScale: {x: 1.45941412, y: 1.63659334, z: 1.92406678}
  m_Children: []
  m_Father: {fileID: 413078}
  m_RootOrder: 1
--- !u!4 &422964
Transform:
  m_ObjectHideFlags: 1
  m_PrefabParentObject: {fileID: 0}
  m_PrefabInternal: {fileID: 100100000}
  m_GameObject: {fileID: 120336}
  m_LocalRotation: {x: -.484386027, y: -8.94069601e-08, z: -2.98023188e-08, w: .874854386}
  m_LocalPosition: {x: -.00453948975, y: 2.27195334, z: 52.1435471}
  m_LocalScale: {x: 1.45941353, y: 1.6365931, z: 1.92406607}
  m_Children: []
  m_Father: {fileID: 413078}
  m_RootOrder: 6
--- !u!4 &432702
Transform:
  m_ObjectHideFlags: 1
  m_PrefabParentObject: {fileID: 0}
  m_PrefabInternal: {fileID: 100100000}
  m_GameObject: {fileID: 174620}
  m_LocalRotation: {x: -.342512608, y: -.618615746, z: .342512608, w: .618615329}
  m_LocalPosition: {x: -.00452804565, y: 13.653286, z: 33.9715385}
  m_LocalScale: {x: 1.92406607, y: 1.63659263, z: 1.45941341}
  m_Children: []
  m_Father: {fileID: 413078}
  m_RootOrder: 4
--- !u!4 &444658
Transform:
  m_ObjectHideFlags: 1
  m_PrefabParentObject: {fileID: 0}
  m_PrefabInternal: {fileID: 100100000}
  m_GameObject: {fileID: 162854}
  m_LocalRotation: {x: .342512667, y: -.61861527, z: .342512578, w: -.618615806}
  m_LocalPosition: {x: -.00453440379, y: 5.2199564, z: 47.4355392}
  m_LocalScale: {x: 1.92406631, y: 1.63659286, z: 1.45941353}
  m_Children: []
  m_Father: {fileID: 413078}
  m_RootOrder: 5
--- !u!4 &481066
Transform:
  m_ObjectHideFlags: 1
  m_PrefabParentObject: {fileID: 0}
  m_PrefabInternal: {fileID: 100100000}
  m_GameObject: {fileID: 133670}
  m_LocalRotation: {x: 5.96046412e-08, y: -.874854445, z: .484385997, w: -2.38418565e-07}
  m_LocalPosition: {x: -.00453313207, y: 9.56128597, z: 40.4982071}
  m_LocalScale: {x: 1.45941412, y: 1.63659334, z: 1.92406678}
  m_Children: []
  m_Father: {fileID: 413078}
  m_RootOrder: 0
--- !u!23 &2310242
MeshRenderer:
  m_ObjectHideFlags: 1
  m_PrefabParentObject: {fileID: 0}
  m_PrefabInternal: {fileID: 100100000}
  m_GameObject: {fileID: 162854}
  m_Enabled: 1
  m_CastShadows: 1
  m_ReceiveShadows: 1
  m_Materials:
  - {fileID: 2100000, guid: b8e82816f08b54f82bd20f0a278139c6, type: 2}
  m_SubsetIndices: 
  m_StaticBatchRoot: {fileID: 0}
  m_UseLightProbes: 1
  m_ReflectionProbeUsage: 1
  m_ProbeAnchor: {fileID: 0}
  m_ScaleInLightmap: 1
  m_PreserveUVs: 0
  m_ImportantGI: 0
  m_AutoUVMaxDistance: .5
  m_AutoUVMaxAngle: 89
  m_LightmapParameters: {fileID: 0}
  m_SortingLayerID: 0
  m_SortingOrder: 0
--- !u!23 &2330754
MeshRenderer:
  m_ObjectHideFlags: 1
  m_PrefabParentObject: {fileID: 0}
  m_PrefabInternal: {fileID: 100100000}
  m_GameObject: {fileID: 133670}
  m_Enabled: 1
  m_CastShadows: 1
  m_ReceiveShadows: 1
  m_Materials:
  - {fileID: 2100000, guid: b8e82816f08b54f82bd20f0a278139c6, type: 2}
  m_SubsetIndices: 
  m_StaticBatchRoot: {fileID: 0}
  m_UseLightProbes: 1
  m_ReflectionProbeUsage: 1
  m_ProbeAnchor: {fileID: 0}
  m_ScaleInLightmap: 1
  m_PreserveUVs: 0
  m_ImportantGI: 0
  m_AutoUVMaxDistance: .5
  m_AutoUVMaxAngle: 89
  m_LightmapParameters: {fileID: 0}
  m_SortingLayerID: 0
  m_SortingOrder: 0
--- !u!23 &2333966
MeshRenderer:
  m_ObjectHideFlags: 1
  m_PrefabParentObject: {fileID: 0}
  m_PrefabInternal: {fileID: 100100000}
  m_GameObject: {fileID: 171830}
  m_Enabled: 1
  m_CastShadows: 1
  m_ReceiveShadows: 1
  m_Materials:
  - {fileID: 2100000, guid: b8e82816f08b54f82bd20f0a278139c6, type: 2}
  m_SubsetIndices: 
  m_StaticBatchRoot: {fileID: 0}
  m_UseLightProbes: 1
  m_ReflectionProbeUsage: 1
  m_ProbeAnchor: {fileID: 0}
  m_ScaleInLightmap: 1
  m_PreserveUVs: 0
  m_ImportantGI: 0
  m_AutoUVMaxDistance: .5
  m_AutoUVMaxAngle: 89
  m_LightmapParameters: {fileID: 0}
  m_SortingLayerID: 0
  m_SortingOrder: 0
--- !u!23 &2357600
MeshRenderer:
  m_ObjectHideFlags: 1
  m_PrefabParentObject: {fileID: 0}
  m_PrefabInternal: {fileID: 100100000}
  m_GameObject: {fileID: 151290}
  m_Enabled: 1
  m_CastShadows: 1
  m_ReceiveShadows: 1
  m_Materials:
  - {fileID: 2100000, guid: b8e82816f08b54f82bd20f0a278139c6, type: 2}
  m_SubsetIndices: 
  m_StaticBatchRoot: {fileID: 0}
  m_UseLightProbes: 1
  m_ReflectionProbeUsage: 1
  m_ProbeAnchor: {fileID: 0}
  m_ScaleInLightmap: 1
  m_PreserveUVs: 0
  m_ImportantGI: 0
  m_AutoUVMaxDistance: .5
  m_AutoUVMaxAngle: 89
  m_LightmapParameters: {fileID: 0}
  m_SortingLayerID: 0
  m_SortingOrder: 0
--- !u!23 &2358726
MeshRenderer:
  m_ObjectHideFlags: 1
  m_PrefabParentObject: {fileID: 0}
  m_PrefabInternal: {fileID: 100100000}
  m_GameObject: {fileID: 120336}
  m_Enabled: 1
  m_CastShadows: 1
  m_ReceiveShadows: 1
  m_Materials:
  - {fileID: 2100000, guid: b8e82816f08b54f82bd20f0a278139c6, type: 2}
  m_SubsetIndices: 
  m_StaticBatchRoot: {fileID: 0}
  m_UseLightProbes: 1
  m_ReflectionProbeUsage: 1
  m_ProbeAnchor: {fileID: 0}
  m_ScaleInLightmap: 1
  m_PreserveUVs: 0
  m_ImportantGI: 0
  m_AutoUVMaxDistance: .5
  m_AutoUVMaxAngle: 89
  m_LightmapParameters: {fileID: 0}
  m_SortingLayerID: 0
  m_SortingOrder: 0
--- !u!23 &2359410
MeshRenderer:
  m_ObjectHideFlags: 1
  m_PrefabParentObject: {fileID: 0}
  m_PrefabInternal: {fileID: 100100000}
  m_GameObject: {fileID: 174620}
  m_Enabled: 1
  m_CastShadows: 1
  m_ReceiveShadows: 1
  m_Materials:
  - {fileID: 2100000, guid: b8e82816f08b54f82bd20f0a278139c6, type: 2}
  m_SubsetIndices: 
  m_StaticBatchRoot: {fileID: 0}
  m_UseLightProbes: 1
  m_ReflectionProbeUsage: 1
  m_ProbeAnchor: {fileID: 0}
  m_ScaleInLightmap: 1
  m_PreserveUVs: 0
  m_ImportantGI: 0
  m_AutoUVMaxDistance: .5
  m_AutoUVMaxAngle: 89
  m_LightmapParameters: {fileID: 0}
  m_SortingLayerID: 0
  m_SortingOrder: 0
--- !u!23 &2361776
MeshRenderer:
  m_ObjectHideFlags: 1
  m_PrefabParentObject: {fileID: 0}
  m_PrefabInternal: {fileID: 100100000}
  m_GameObject: {fileID: 177502}
  m_Enabled: 1
  m_CastShadows: 1
  m_ReceiveShadows: 1
  m_Materials:
  - {fileID: 2100000, guid: b8e82816f08b54f82bd20f0a278139c6, type: 2}
  m_SubsetIndices: 
  m_StaticBatchRoot: {fileID: 0}
  m_UseLightProbes: 1
  m_ReflectionProbeUsage: 1
  m_ProbeAnchor: {fileID: 0}
  m_ScaleInLightmap: 1
  m_PreserveUVs: 0
  m_ImportantGI: 0
  m_AutoUVMaxDistance: .5
  m_AutoUVMaxAngle: 89
  m_LightmapParameters: {fileID: 0}
  m_SortingLayerID: 0
  m_SortingOrder: 0
--- !u!33 &3323720
MeshFilter:
  m_ObjectHideFlags: 1
  m_PrefabParentObject: {fileID: 0}
  m_PrefabInternal: {fileID: 100100000}
  m_GameObject: {fileID: 133670}
  m_Mesh: {fileID: 4300054, guid: 62a551957592440938a83335434eb057, type: 3}
--- !u!33 &3339226
MeshFilter:
  m_ObjectHideFlags: 1
  m_PrefabParentObject: {fileID: 0}
  m_PrefabInternal: {fileID: 100100000}
  m_GameObject: {fileID: 174620}
  m_Mesh: {fileID: 4300004, guid: 62a551957592440938a83335434eb057, type: 3}
--- !u!33 &3340696
MeshFilter:
  m_ObjectHideFlags: 1
  m_PrefabParentObject: {fileID: 0}
  m_PrefabInternal: {fileID: 100100000}
  m_GameObject: {fileID: 162854}
  m_Mesh: {fileID: 4300004, guid: 62a551957592440938a83335434eb057, type: 3}
--- !u!33 &3359684
MeshFilter:
  m_ObjectHideFlags: 1
  m_PrefabParentObject: {fileID: 0}
  m_PrefabInternal: {fileID: 100100000}
  m_GameObject: {fileID: 171830}
  m_Mesh: {fileID: 4300010, guid: 62a551957592440938a83335434eb057, type: 3}
--- !u!33 &3386112
MeshFilter:
  m_ObjectHideFlags: 1
  m_PrefabParentObject: {fileID: 0}
  m_PrefabInternal: {fileID: 100100000}
  m_GameObject: {fileID: 177502}
  m_Mesh: {fileID: 4300010, guid: 62a551957592440938a83335434eb057, type: 3}
--- !u!33 &3393456
MeshFilter:
  m_ObjectHideFlags: 1
  m_PrefabParentObject: {fileID: 0}
  m_PrefabInternal: {fileID: 100100000}
  m_GameObject: {fileID: 120336}
  m_Mesh: {fileID: 4300004, guid: 62a551957592440938a83335434eb057, type: 3}
--- !u!33 &3394746
MeshFilter:
  m_ObjectHideFlags: 1
  m_PrefabParentObject: {fileID: 0}
  m_PrefabInternal: {fileID: 100100000}
  m_GameObject: {fileID: 151290}
  m_Mesh: {fileID: 4300010, guid: 62a551957592440938a83335434eb057, type: 3}
--- !u!54 &5409676
Rigidbody:
  m_ObjectHideFlags: 1
  m_PrefabParentObject: {fileID: 0}
  m_PrefabInternal: {fileID: 100100000}
  m_GameObject: {fileID: 120336}
  serializedVersion: 2
  m_Mass: 1
  m_Drag: 0
  m_AngularDrag: .0500000007
  m_UseGravity: 1
  m_IsKinematic: 0
  m_Interpolate: 0
  m_Constraints: 0
  m_CollisionDetection: 0
--- !u!54 &5434476
Rigidbody:
  m_ObjectHideFlags: 1
  m_PrefabParentObject: {fileID: 0}
  m_PrefabInternal: {fileID: 100100000}
  m_GameObject: {fileID: 177502}
  serializedVersion: 2
  m_Mass: 1
  m_Drag: 0
  m_AngularDrag: .0500000007
  m_UseGravity: 1
  m_IsKinematic: 0
  m_Interpolate: 0
  m_Constraints: 0
  m_CollisionDetection: 0
--- !u!54 &5461048
Rigidbody:
  m_ObjectHideFlags: 1
  m_PrefabParentObject: {fileID: 0}
  m_PrefabInternal: {fileID: 100100000}
  m_GameObject: {fileID: 174620}
  serializedVersion: 2
  m_Mass: 1
  m_Drag: 0
  m_AngularDrag: .0500000007
  m_UseGravity: 1
  m_IsKinematic: 0
  m_Interpolate: 0
  m_Constraints: 0
  m_CollisionDetection: 0
--- !u!54 &5468896
Rigidbody:
  m_ObjectHideFlags: 1
  m_PrefabParentObject: {fileID: 0}
  m_PrefabInternal: {fileID: 100100000}
  m_GameObject: {fileID: 162854}
  serializedVersion: 2
  m_Mass: 1
  m_Drag: 0
  m_AngularDrag: .0500000007
  m_UseGravity: 1
  m_IsKinematic: 0
  m_Interpolate: 0
  m_Constraints: 0
  m_CollisionDetection: 0
--- !u!54 &5473628
Rigidbody:
  m_ObjectHideFlags: 1
  m_PrefabParentObject: {fileID: 0}
  m_PrefabInternal: {fileID: 100100000}
  m_GameObject: {fileID: 133670}
  serializedVersion: 2
  m_Mass: 1
  m_Drag: 0
  m_AngularDrag: .0500000007
  m_UseGravity: 1
  m_IsKinematic: 0
  m_Interpolate: 0
  m_Constraints: 0
  m_CollisionDetection: 0
--- !u!54 &5479458
Rigidbody:
  m_ObjectHideFlags: 1
  m_PrefabParentObject: {fileID: 0}
  m_PrefabInternal: {fileID: 100100000}
  m_GameObject: {fileID: 151290}
  serializedVersion: 2
  m_Mass: 1
  m_Drag: 0
  m_AngularDrag: .0500000007
  m_UseGravity: 1
  m_IsKinematic: 0
  m_Interpolate: 0
  m_Constraints: 0
  m_CollisionDetection: 0
--- !u!54 &5499302
Rigidbody:
  m_ObjectHideFlags: 1
  m_PrefabParentObject: {fileID: 0}
  m_PrefabInternal: {fileID: 100100000}
  m_GameObject: {fileID: 171830}
  serializedVersion: 2
  m_Mass: 1
  m_Drag: 0
  m_AngularDrag: .0500000007
  m_UseGravity: 1
  m_IsKinematic: 0
  m_Interpolate: 0
  m_Constraints: 0
  m_CollisionDetection: 0
--- !u!64 &6403490
MeshCollider:
  m_ObjectHideFlags: 1
  m_PrefabParentObject: {fileID: 0}
  m_PrefabInternal: {fileID: 100100000}
  m_GameObject: {fileID: 151290}
  m_Material: {fileID: 0}
  m_IsTrigger: 0
  m_Enabled: 1
  serializedVersion: 2
  m_Convex: 1
  m_Mesh: {fileID: 4300010, guid: 62a551957592440938a83335434eb057, type: 3}
--- !u!64 &6420292
MeshCollider:
  m_ObjectHideFlags: 1
  m_PrefabParentObject: {fileID: 0}
  m_PrefabInternal: {fileID: 100100000}
  m_GameObject: {fileID: 162854}
  m_Material: {fileID: 0}
  m_IsTrigger: 0
  m_Enabled: 1
  serializedVersion: 2
  m_Convex: 1
  m_Mesh: {fileID: 4300004, guid: 62a551957592440938a83335434eb057, type: 3}
--- !u!64 &6446712
MeshCollider:
  m_ObjectHideFlags: 1
  m_PrefabParentObject: {fileID: 0}
  m_PrefabInternal: {fileID: 100100000}
  m_GameObject: {fileID: 133670}
  m_Material: {fileID: 0}
  m_IsTrigger: 0
  m_Enabled: 1
  serializedVersion: 2
  m_Convex: 1
  m_Mesh: {fileID: 4300054, guid: 62a551957592440938a83335434eb057, type: 3}
--- !u!64 &6448326
MeshCollider:
  m_ObjectHideFlags: 1
  m_PrefabParentObject: {fileID: 0}
  m_PrefabInternal: {fileID: 100100000}
  m_GameObject: {fileID: 120336}
  m_Material: {fileID: 0}
  m_IsTrigger: 0
  m_Enabled: 1
  serializedVersion: 2
  m_Convex: 1
  m_Mesh: {fileID: 4300004, guid: 62a551957592440938a83335434eb057, type: 3}
--- !u!64 &6454586
MeshCollider:
  m_ObjectHideFlags: 1
  m_PrefabParentObject: {fileID: 0}
  m_PrefabInternal: {fileID: 100100000}
  m_GameObject: {fileID: 171830}
  m_Material: {fileID: 0}
  m_IsTrigger: 0
  m_Enabled: 1
  serializedVersion: 2
  m_Convex: 1
  m_Mesh: {fileID: 4300010, guid: 62a551957592440938a83335434eb057, type: 3}
--- !u!64 &6464772
MeshCollider:
  m_ObjectHideFlags: 1
  m_PrefabParentObject: {fileID: 0}
  m_PrefabInternal: {fileID: 100100000}
  m_GameObject: {fileID: 174620}
  m_Material: {fileID: 0}
  m_IsTrigger: 0
  m_Enabled: 1
  serializedVersion: 2
  m_Convex: 1
  m_Mesh: {fileID: 4300004, guid: 62a551957592440938a83335434eb057, type: 3}
--- !u!64 &6491370
MeshCollider:
  m_ObjectHideFlags: 1
  m_PrefabParentObject: {fileID: 0}
  m_PrefabInternal: {fileID: 100100000}
  m_GameObject: {fileID: 177502}
  m_Material: {fileID: 0}
  m_IsTrigger: 0
  m_Enabled: 1
  serializedVersion: 2
  m_Convex: 1
  m_Mesh: {fileID: 4300010, guid: 62a551957592440938a83335434eb057, type: 3}
--- !u!114 &11436286
MonoBehaviour:
  m_ObjectHideFlags: 1
  m_PrefabParentObject: {fileID: 0}
  m_PrefabInternal: {fileID: 100100000}
  m_GameObject: {fileID: 120336}
  m_Enabled: 1
  m_EditorHideFlags: 0
  m_Script: {fileID: 11500000, guid: 19730dd0c854644d89302436824f32b2, type: 3}
  m_Name: 
  m_EditorClassIdentifier: 
  centerLeg1: {fileID: 110954, guid: acc5dc1271788491f94df93c6d13a613, type: 2}
  centerLeg2: {fileID: 137370, guid: acc5dc1271788491f94df93c6d13a613, type: 2}
  centerLeg3: {fileID: 192326, guid: acc5dc1271788491f94df93c6d13a613, type: 2}
  centerLeg4: {fileID: 184332, guid: acc5dc1271788491f94df93c6d13a613, type: 2}
  centerTop1: {fileID: 161404, guid: acc5dc1271788491f94df93c6d13a613, type: 2}
  centerTop2: {fileID: 194702, guid: acc5dc1271788491f94df93c6d13a613, type: 2}
  centerTop3: {fileID: 193144, guid: acc5dc1271788491f94df93c6d13a613, type: 2}
  centerTop4: {fileID: 185464, guid: acc5dc1271788491f94df93c6d13a613, type: 2}
  centerLegFracture1: {fileID: 141306, guid: 9917512e51e3845c6b381738f8067d6b, type: 2}
  centerLegFracture2: {fileID: 177926, guid: 62e123c24632844c29b95df6a41de5cf, type: 2}
  centerLegFracture3: {fileID: 151274, guid: c44d5b379f35848f881ce6f55d2280de, type: 2}
  centerLegFracture4: {fileID: 194552, guid: b91ab70ef6ec64211becf37f39046aea, type: 2}
  centerTopFracture1: {fileID: 0}
  centerTopFracture2: {fileID: 135860, guid: 0fdedfe3d2b1b41a2b3059e45d4088fa, type: 2}
  centerTopFracture3: {fileID: 0}
  centerTopFracture4: {fileID: 135882}
  centerChunkWedge1: {fileID: 151290}
  centerChunkWedge2: {fileID: 171830}
  centerChunkWedge3: {fileID: 177502}
  centerChunkAngle1: {fileID: 120336}
  centerChunkAngle2: {fileID: 162854}
  centerChunkAngle3: {fileID: 174620}
  centerChunkCube: {fileID: 133670}
  centerPiecesWedge: {fileID: 105986, guid: 4011098de3bb54fc2bff38e275dec28d, type: 2}
  centerPiecesAngle: {fileID: 126380, guid: e003f9caae71a4cd2a1803cb0408e187, type: 2}
  centerPiecesCube: {fileID: 194168, guid: 3f03e0c6805ed49b9b39bbccb780774f, type: 2}
--- !u!114 &11441512
MonoBehaviour:
  m_ObjectHideFlags: 1
  m_PrefabParentObject: {fileID: 0}
  m_PrefabInternal: {fileID: 100100000}
  m_GameObject: {fileID: 162854}
  m_Enabled: 1
  m_EditorHideFlags: 0
  m_Script: {fileID: 11500000, guid: 19730dd0c854644d89302436824f32b2, type: 3}
  m_Name: 
  m_EditorClassIdentifier: 
  centerLeg1: {fileID: 110954, guid: acc5dc1271788491f94df93c6d13a613, type: 2}
  centerLeg2: {fileID: 137370, guid: acc5dc1271788491f94df93c6d13a613, type: 2}
  centerLeg3: {fileID: 192326, guid: acc5dc1271788491f94df93c6d13a613, type: 2}
  centerLeg4: {fileID: 184332, guid: acc5dc1271788491f94df93c6d13a613, type: 2}
  centerTop1: {fileID: 161404, guid: acc5dc1271788491f94df93c6d13a613, type: 2}
  centerTop2: {fileID: 194702, guid: acc5dc1271788491f94df93c6d13a613, type: 2}
  centerTop3: {fileID: 193144, guid: acc5dc1271788491f94df93c6d13a613, type: 2}
  centerTop4: {fileID: 185464, guid: acc5dc1271788491f94df93c6d13a613, type: 2}
  centerLegFracture1: {fileID: 141306, guid: 9917512e51e3845c6b381738f8067d6b, type: 2}
  centerLegFracture2: {fileID: 177926, guid: 62e123c24632844c29b95df6a41de5cf, type: 2}
  centerLegFracture3: {fileID: 151274, guid: c44d5b379f35848f881ce6f55d2280de, type: 2}
  centerLegFracture4: {fileID: 194552, guid: b91ab70ef6ec64211becf37f39046aea, type: 2}
  centerTopFracture1: {fileID: 0}
  centerTopFracture2: {fileID: 135860, guid: 0fdedfe3d2b1b41a2b3059e45d4088fa, type: 2}
  centerTopFracture3: {fileID: 0}
  centerTopFracture4: {fileID: 135882}
  centerChunkWedge1: {fileID: 151290}
  centerChunkWedge2: {fileID: 171830}
  centerChunkWedge3: {fileID: 177502}
  centerChunkAngle1: {fileID: 120336}
  centerChunkAngle2: {fileID: 162854}
  centerChunkAngle3: {fileID: 174620}
  centerChunkCube: {fileID: 133670}
  centerPiecesWedge: {fileID: 105986, guid: 4011098de3bb54fc2bff38e275dec28d, type: 2}
  centerPiecesAngle: {fileID: 126380, guid: e003f9caae71a4cd2a1803cb0408e187, type: 2}
  centerPiecesCube: {fileID: 194168, guid: 3f03e0c6805ed49b9b39bbccb780774f, type: 2}
--- !u!114 &11444722
MonoBehaviour:
  m_ObjectHideFlags: 1
  m_PrefabParentObject: {fileID: 0}
  m_PrefabInternal: {fileID: 100100000}
  m_GameObject: {fileID: 151290}
  m_Enabled: 1
  m_EditorHideFlags: 0
  m_Script: {fileID: 11500000, guid: 19730dd0c854644d89302436824f32b2, type: 3}
  m_Name: 
  m_EditorClassIdentifier: 
  centerLeg1: {fileID: 110954, guid: acc5dc1271788491f94df93c6d13a613, type: 2}
  centerLeg2: {fileID: 137370, guid: acc5dc1271788491f94df93c6d13a613, type: 2}
  centerLeg3: {fileID: 192326, guid: acc5dc1271788491f94df93c6d13a613, type: 2}
  centerLeg4: {fileID: 184332, guid: acc5dc1271788491f94df93c6d13a613, type: 2}
  centerTop1: {fileID: 161404, guid: acc5dc1271788491f94df93c6d13a613, type: 2}
  centerTop2: {fileID: 194702, guid: acc5dc1271788491f94df93c6d13a613, type: 2}
  centerTop3: {fileID: 193144, guid: acc5dc1271788491f94df93c6d13a613, type: 2}
  centerTop4: {fileID: 185464, guid: acc5dc1271788491f94df93c6d13a613, type: 2}
  centerLegFracture1: {fileID: 141306, guid: 9917512e51e3845c6b381738f8067d6b, type: 2}
  centerLegFracture2: {fileID: 177926, guid: 62e123c24632844c29b95df6a41de5cf, type: 2}
  centerLegFracture3: {fileID: 151274, guid: c44d5b379f35848f881ce6f55d2280de, type: 2}
  centerLegFracture4: {fileID: 194552, guid: b91ab70ef6ec64211becf37f39046aea, type: 2}
  centerTopFracture1: {fileID: 0}
  centerTopFracture2: {fileID: 135860, guid: 0fdedfe3d2b1b41a2b3059e45d4088fa, type: 2}
  centerTopFracture3: {fileID: 0}
  centerTopFracture4: {fileID: 135882}
  centerChunkWedge1: {fileID: 151290}
  centerChunkWedge2: {fileID: 171830}
  centerChunkWedge3: {fileID: 177502}
  centerChunkAngle1: {fileID: 120336}
  centerChunkAngle2: {fileID: 162854}
  centerChunkAngle3: {fileID: 174620}
  centerChunkCube: {fileID: 133670}
  centerPiecesWedge: {fileID: 105986, guid: 4011098de3bb54fc2bff38e275dec28d, type: 2}
  centerPiecesAngle: {fileID: 126380, guid: e003f9caae71a4cd2a1803cb0408e187, type: 2}
  centerPiecesCube: {fileID: 194168, guid: 3f03e0c6805ed49b9b39bbccb780774f, type: 2}
--- !u!114 &11450018
MonoBehaviour:
  m_ObjectHideFlags: 1
  m_PrefabParentObject: {fileID: 0}
  m_PrefabInternal: {fileID: 100100000}
  m_GameObject: {fileID: 171830}
  m_Enabled: 1
  m_EditorHideFlags: 0
  m_Script: {fileID: 11500000, guid: 19730dd0c854644d89302436824f32b2, type: 3}
  m_Name: 
  m_EditorClassIdentifier: 
  centerLeg1: {fileID: 110954, guid: acc5dc1271788491f94df93c6d13a613, type: 2}
  centerLeg2: {fileID: 137370, guid: acc5dc1271788491f94df93c6d13a613, type: 2}
  centerLeg3: {fileID: 192326, guid: acc5dc1271788491f94df93c6d13a613, type: 2}
  centerLeg4: {fileID: 184332, guid: acc5dc1271788491f94df93c6d13a613, type: 2}
  centerTop1: {fileID: 161404, guid: acc5dc1271788491f94df93c6d13a613, type: 2}
  centerTop2: {fileID: 194702, guid: acc5dc1271788491f94df93c6d13a613, type: 2}
  centerTop3: {fileID: 193144, guid: acc5dc1271788491f94df93c6d13a613, type: 2}
  centerTop4: {fileID: 185464, guid: acc5dc1271788491f94df93c6d13a613, type: 2}
  centerLegFracture1: {fileID: 141306, guid: 9917512e51e3845c6b381738f8067d6b, type: 2}
  centerLegFracture2: {fileID: 177926, guid: 62e123c24632844c29b95df6a41de5cf, type: 2}
  centerLegFracture3: {fileID: 151274, guid: c44d5b379f35848f881ce6f55d2280de, type: 2}
  centerLegFracture4: {fileID: 194552, guid: b91ab70ef6ec64211becf37f39046aea, type: 2}
  centerTopFracture1: {fileID: 0}
  centerTopFracture2: {fileID: 135860, guid: 0fdedfe3d2b1b41a2b3059e45d4088fa, type: 2}
  centerTopFracture3: {fileID: 0}
  centerTopFracture4: {fileID: 135882}
  centerChunkWedge1: {fileID: 151290}
  centerChunkWedge2: {fileID: 171830}
  centerChunkWedge3: {fileID: 177502}
  centerChunkAngle1: {fileID: 120336}
  centerChunkAngle2: {fileID: 162854}
  centerChunkAngle3: {fileID: 174620}
  centerChunkCube: {fileID: 133670}
  centerPiecesWedge: {fileID: 105986, guid: 4011098de3bb54fc2bff38e275dec28d, type: 2}
  centerPiecesAngle: {fileID: 126380, guid: e003f9caae71a4cd2a1803cb0408e187, type: 2}
  centerPiecesCube: {fileID: 194168, guid: 3f03e0c6805ed49b9b39bbccb780774f, type: 2}
--- !u!114 &11456594
MonoBehaviour:
  m_ObjectHideFlags: 1
  m_PrefabParentObject: {fileID: 0}
  m_PrefabInternal: {fileID: 100100000}
  m_GameObject: {fileID: 174620}
  m_Enabled: 1
  m_EditorHideFlags: 0
  m_Script: {fileID: 11500000, guid: 19730dd0c854644d89302436824f32b2, type: 3}
  m_Name: 
  m_EditorClassIdentifier: 
  centerLeg1: {fileID: 110954, guid: acc5dc1271788491f94df93c6d13a613, type: 2}
  centerLeg2: {fileID: 137370, guid: acc5dc1271788491f94df93c6d13a613, type: 2}
  centerLeg3: {fileID: 192326, guid: acc5dc1271788491f94df93c6d13a613, type: 2}
  centerLeg4: {fileID: 184332, guid: acc5dc1271788491f94df93c6d13a613, type: 2}
  centerTop1: {fileID: 161404, guid: acc5dc1271788491f94df93c6d13a613, type: 2}
  centerTop2: {fileID: 194702, guid: acc5dc1271788491f94df93c6d13a613, type: 2}
  centerTop3: {fileID: 193144, guid: acc5dc1271788491f94df93c6d13a613, type: 2}
  centerTop4: {fileID: 185464, guid: acc5dc1271788491f94df93c6d13a613, type: 2}
  centerLegFracture1: {fileID: 141306, guid: 9917512e51e3845c6b381738f8067d6b, type: 2}
  centerLegFracture2: {fileID: 177926, guid: 62e123c24632844c29b95df6a41de5cf, type: 2}
  centerLegFracture3: {fileID: 151274, guid: c44d5b379f35848f881ce6f55d2280de, type: 2}
  centerLegFracture4: {fileID: 194552, guid: b91ab70ef6ec64211becf37f39046aea, type: 2}
  centerTopFracture1: {fileID: 0}
  centerTopFracture2: {fileID: 135860, guid: 0fdedfe3d2b1b41a2b3059e45d4088fa, type: 2}
  centerTopFracture3: {fileID: 0}
  centerTopFracture4: {fileID: 135882}
  centerChunkWedge1: {fileID: 151290}
  centerChunkWedge2: {fileID: 171830}
  centerChunkWedge3: {fileID: 177502}
  centerChunkAngle1: {fileID: 120336}
  centerChunkAngle2: {fileID: 162854}
  centerChunkAngle3: {fileID: 174620}
  centerChunkCube: {fileID: 133670}
  centerPiecesWedge: {fileID: 105986, guid: 4011098de3bb54fc2bff38e275dec28d, type: 2}
  centerPiecesAngle: {fileID: 126380, guid: e003f9caae71a4cd2a1803cb0408e187, type: 2}
  centerPiecesCube: {fileID: 194168, guid: 3f03e0c6805ed49b9b39bbccb780774f, type: 2}
--- !u!114 &11472104
MonoBehaviour:
  m_ObjectHideFlags: 1
  m_PrefabParentObject: {fileID: 0}
  m_PrefabInternal: {fileID: 100100000}
  m_GameObject: {fileID: 177502}
  m_Enabled: 1
  m_EditorHideFlags: 0
  m_Script: {fileID: 11500000, guid: 19730dd0c854644d89302436824f32b2, type: 3}
  m_Name: 
  m_EditorClassIdentifier: 
  centerLeg1: {fileID: 110954, guid: acc5dc1271788491f94df93c6d13a613, type: 2}
  centerLeg2: {fileID: 137370, guid: acc5dc1271788491f94df93c6d13a613, type: 2}
  centerLeg3: {fileID: 192326, guid: acc5dc1271788491f94df93c6d13a613, type: 2}
  centerLeg4: {fileID: 184332, guid: acc5dc1271788491f94df93c6d13a613, type: 2}
  centerTop1: {fileID: 161404, guid: acc5dc1271788491f94df93c6d13a613, type: 2}
  centerTop2: {fileID: 194702, guid: acc5dc1271788491f94df93c6d13a613, type: 2}
  centerTop3: {fileID: 193144, guid: acc5dc1271788491f94df93c6d13a613, type: 2}
  centerTop4: {fileID: 185464, guid: acc5dc1271788491f94df93c6d13a613, type: 2}
  centerLegFracture1: {fileID: 141306, guid: 9917512e51e3845c6b381738f8067d6b, type: 2}
  centerLegFracture2: {fileID: 177926, guid: 62e123c24632844c29b95df6a41de5cf, type: 2}
  centerLegFracture3: {fileID: 151274, guid: c44d5b379f35848f881ce6f55d2280de, type: 2}
  centerLegFracture4: {fileID: 194552, guid: b91ab70ef6ec64211becf37f39046aea, type: 2}
  centerTopFracture1: {fileID: 0}
  centerTopFracture2: {fileID: 135860, guid: 0fdedfe3d2b1b41a2b3059e45d4088fa, type: 2}
  centerTopFracture3: {fileID: 0}
  centerTopFracture4: {fileID: 135882}
  centerChunkWedge1: {fileID: 151290}
  centerChunkWedge2: {fileID: 171830}
  centerChunkWedge3: {fileID: 177502}
  centerChunkAngle1: {fileID: 120336}
  centerChunkAngle2: {fileID: 162854}
  centerChunkAngle3: {fileID: 174620}
  centerChunkCube: {fileID: 133670}
  centerPiecesWedge: {fileID: 105986, guid: 4011098de3bb54fc2bff38e275dec28d, type: 2}
  centerPiecesAngle: {fileID: 126380, guid: e003f9caae71a4cd2a1803cb0408e187, type: 2}
  centerPiecesCube: {fileID: 194168, guid: 3f03e0c6805ed49b9b39bbccb780774f, type: 2}
--- !u!114 &11486892
MonoBehaviour:
  m_ObjectHideFlags: 1
  m_PrefabParentObject: {fileID: 0}
  m_PrefabInternal: {fileID: 100100000}
  m_GameObject: {fileID: 133670}
  m_Enabled: 1
  m_EditorHideFlags: 0
  m_Script: {fileID: 11500000, guid: 19730dd0c854644d89302436824f32b2, type: 3}
  m_Name: 
  m_EditorClassIdentifier: 
  centerLeg1: {fileID: 110954, guid: acc5dc1271788491f94df93c6d13a613, type: 2}
  centerLeg2: {fileID: 137370, guid: acc5dc1271788491f94df93c6d13a613, type: 2}
  centerLeg3: {fileID: 192326, guid: acc5dc1271788491f94df93c6d13a613, type: 2}
  centerLeg4: {fileID: 184332, guid: acc5dc1271788491f94df93c6d13a613, type: 2}
  centerTop1: {fileID: 161404, guid: acc5dc1271788491f94df93c6d13a613, type: 2}
  centerTop2: {fileID: 194702, guid: acc5dc1271788491f94df93c6d13a613, type: 2}
  centerTop3: {fileID: 193144, guid: acc5dc1271788491f94df93c6d13a613, type: 2}
  centerTop4: {fileID: 185464, guid: acc5dc1271788491f94df93c6d13a613, type: 2}
  centerLegFracture1: {fileID: 141306, guid: 9917512e51e3845c6b381738f8067d6b, type: 2}
  centerLegFracture2: {fileID: 177926, guid: 62e123c24632844c29b95df6a41de5cf, type: 2}
  centerLegFracture3: {fileID: 151274, guid: c44d5b379f35848f881ce6f55d2280de, type: 2}
  centerLegFracture4: {fileID: 194552, guid: b91ab70ef6ec64211becf37f39046aea, type: 2}
  centerTopFracture1: {fileID: 0}
  centerTopFracture2: {fileID: 135860, guid: 0fdedfe3d2b1b41a2b3059e45d4088fa, type: 2}
  centerTopFracture3: {fileID: 0}
  centerTopFracture4: {fileID: 135882}
  centerChunkWedge1: {fileID: 151290}
  centerChunkWedge2: {fileID: 171830}
  centerChunkWedge3: {fileID: 177502}
  centerChunkAngle1: {fileID: 120336}
  centerChunkAngle2: {fileID: 162854}
  centerChunkAngle3: {fileID: 174620}
  centerChunkCube: {fileID: 133670}
  centerPiecesWedge: {fileID: 105986, guid: 4011098de3bb54fc2bff38e275dec28d, type: 2}
  centerPiecesAngle: {fileID: 126380, guid: e003f9caae71a4cd2a1803cb0408e187, type: 2}
  centerPiecesCube: {fileID: 194168, guid: 3f03e0c6805ed49b9b39bbccb780774f, type: 2}
--- !u!1001 &100100000
Prefab:
  m_ObjectHideFlags: 1
  serializedVersion: 2
  m_Modification:
    m_TransformParent: {fileID: 0}
    m_Modifications: []
    m_RemovedComponents: []
  m_ParentPrefab: {fileID: 0}
  m_RootGameObject: {fileID: 135882}
  m_IsPrefabParent: 1
