%YAML 1.1
%TAG !u! tag:unity3d.com,2011:
--- !u!1 &100764
GameObject:
  m_ObjectHideFlags: 0
  m_PrefabParentObject: {fileID: 0}
  m_PrefabInternal: {fileID: 100100000}
  serializedVersion: 4
  m_Component:
  - 4: {fileID: 486280}
  - 33: {fileID: 3345778}
  - 23: {fileID: 2342154}
  - 54: {fileID: 5431986}
  - 64: {fileID: 6421770}
  - 114: {fileID: 11469354}
  m_Layer: 0
  m_Name: CL1wedge2
  m_TagString: Untagged
  m_Icon: {fileID: 0}
  m_NavMeshLayer: 0
  m_StaticEditorFlags: 0
  m_IsActive: 1
--- !u!1 &104148
GameObject:
  m_ObjectHideFlags: 0
  m_PrefabParentObject: {fileID: 0}
  m_PrefabInternal: {fileID: 100100000}
  serializedVersion: 4
  m_Component:
  - 4: {fileID: 401236}
  - 33: {fileID: 3392044}
  - 23: {fileID: 2368092}
  - 64: {fileID: 6429262}
  - 54: {fileID: 5415324}
  - 114: {fileID: 11408178}
  m_Layer: 0
  m_Name: CL1angle3
  m_TagString: Untagged
  m_Icon: {fileID: 0}
  m_NavMeshLayer: 0
  m_StaticEditorFlags: 0
  m_IsActive: 1
--- !u!1 &106328
GameObject:
  m_ObjectHideFlags: 0
  m_PrefabParentObject: {fileID: 0}
  m_PrefabInternal: {fileID: 100100000}
  serializedVersion: 4
  m_Component:
  - 4: {fileID: 413594}
  - 33: {fileID: 3397392}
  - 23: {fileID: 2381598}
  - 64: {fileID: 6402720}
  - 54: {fileID: 5463638}
  - 114: {fileID: 11427070}
  m_Layer: 0
  m_Name: CL1angle2
  m_TagString: Untagged
  m_Icon: {fileID: 0}
  m_NavMeshLayer: 0
  m_StaticEditorFlags: 0
  m_IsActive: 1
--- !u!1 &128224
GameObject:
  m_ObjectHideFlags: 0
  m_PrefabParentObject: {fileID: 0}
  m_PrefabInternal: {fileID: 100100000}
  serializedVersion: 4
  m_Component:
  - 4: {fileID: 499564}
  - 33: {fileID: 3305730}
  - 23: {fileID: 2357046}
  - 64: {fileID: 6400130}
  - 54: {fileID: 5410464}
  - 114: {fileID: 11406966}
  m_Layer: 0
  m_Name: CL1cube
  m_TagString: Untagged
  m_Icon: {fileID: 0}
  m_NavMeshLayer: 0
  m_StaticEditorFlags: 0
  m_IsActive: 1
--- !u!1 &141306
GameObject:
  m_ObjectHideFlags: 0
  m_PrefabParentObject: {fileID: 0}
  m_PrefabInternal: {fileID: 100100000}
  serializedVersion: 4
  m_Component:
  - 4: {fileID: 458266}
  m_Layer: 0
  m_Name: centerFractureLeg1
  m_TagString: Untagged
  m_Icon: {fileID: 0}
  m_NavMeshLayer: 0
  m_StaticEditorFlags: 0
  m_IsActive: 1
--- !u!1 &172694
GameObject:
  m_ObjectHideFlags: 0
  m_PrefabParentObject: {fileID: 0}
  m_PrefabInternal: {fileID: 100100000}
  serializedVersion: 4
  m_Component:
  - 4: {fileID: 465246}
  - 33: {fileID: 3317010}
  - 23: {fileID: 2334976}
  - 54: {fileID: 5412352}
  - 64: {fileID: 6420048}
  - 114: {fileID: 11419572}
  m_Layer: 0
  m_Name: CL1wedge1
  m_TagString: Untagged
  m_Icon: {fileID: 0}
  m_NavMeshLayer: 0
  m_StaticEditorFlags: 0
  m_IsActive: 1
--- !u!1 &174628
GameObject:
  m_ObjectHideFlags: 0
  m_PrefabParentObject: {fileID: 0}
  m_PrefabInternal: {fileID: 100100000}
  serializedVersion: 4
  m_Component:
  - 4: {fileID: 432290}
  - 33: {fileID: 3356166}
  - 23: {fileID: 2376120}
  - 64: {fileID: 6432314}
  - 54: {fileID: 5401750}
  - 114: {fileID: 11412046}
  m_Layer: 0
  m_Name: CL1angle1
  m_TagString: Untagged
  m_Icon: {fileID: 0}
  m_NavMeshLayer: 0
  m_StaticEditorFlags: 0
  m_IsActive: 1
--- !u!1 &195234
GameObject:
  m_ObjectHideFlags: 0
  m_PrefabParentObject: {fileID: 0}
  m_PrefabInternal: {fileID: 100100000}
  serializedVersion: 4
  m_Component:
  - 4: {fileID: 429708}
  - 33: {fileID: 3341056}
  - 23: {fileID: 2392582}
  - 54: {fileID: 5423452}
  - 64: {fileID: 6440222}
  - 114: {fileID: 11469748}
  m_Layer: 0
  m_Name: CL1wedge3
  m_TagString: Untagged
  m_Icon: {fileID: 0}
  m_NavMeshLayer: 0
  m_StaticEditorFlags: 0
  m_IsActive: 1
--- !u!4 &401236
Transform:
  m_ObjectHideFlags: 1
  m_PrefabParentObject: {fileID: 0}
  m_PrefabInternal: {fileID: 100100000}
  m_GameObject: {fileID: 104148}
  m_LocalRotation: {x: -6.12323492e-17, y: -1.49011612e-07, z: -6.12323228e-17, w: 1}
  m_LocalPosition: {x: .0455932245, y: 10.6330128, z: .00222265976}
  m_LocalScale: {x: 1.46666658, y: 1.50333631, z: 1.4666667}
  m_Children: []
  m_Father: {fileID: 458266}
  m_RootOrder: 4
--- !u!4 &413594
Transform:
  m_ObjectHideFlags: 1
  m_PrefabParentObject: {fileID: 0}
  m_PrefabInternal: {fileID: 100100000}
  m_GameObject: {fileID: 106328}
  m_LocalRotation: {x: -6.12323162e-17, y: -1, z: 6.12323559e-17, w: -3.57627869e-07}
  m_LocalPosition: {x: .0455932245, y: -3.79901505, z: .00222265976}
  m_LocalScale: {x: 1.4666667, y: 1.50333631, z: 1.4666667}
  m_Children: []
  m_Father: {fileID: 458266}
  m_RootOrder: 5
--- !u!4 &429708
Transform:
  m_ObjectHideFlags: 1
  m_PrefabParentObject: {fileID: 0}
  m_PrefabInternal: {fileID: 100100000}
  m_GameObject: {fileID: 195234}
  m_LocalRotation: {x: -8.6595606e-17, y: -.707107008, z: 1.65436138e-23, w: .70710659}
  m_LocalPosition: {x: .0455932245, y: 7.47600698, z: .00222265976}
  m_LocalScale: {x: 1.46666646, y: 1.50333631, z: 1.46666646}
  m_Children: []
  m_Father: {fileID: 458266}
  m_RootOrder: 1
--- !u!4 &432290
Transform:
  m_ObjectHideFlags: 1
  m_PrefabParentObject: {fileID: 0}
  m_PrefabInternal: {fileID: 100100000}
  m_GameObject: {fileID: 174628}
  m_LocalRotation: {x: -3.30872245e-24, y: .707106709, z: -8.6595606e-17, w: .707106829}
  m_LocalPosition: {x: .0455932245, y: -8.91035843, z: .00222265976}
  m_LocalScale: {x: 1.46666694, y: 1.50333631, z: 1.4666667}
  m_Children: []
  m_Father: {fileID: 458266}
  m_RootOrder: 6
--- !u!4 &458266
Transform:
  m_ObjectHideFlags: 1
  m_PrefabParentObject: {fileID: 0}
  m_PrefabInternal: {fileID: 100100000}
  m_GameObject: {fileID: 141306}
  m_LocalRotation: {x: 0, y: -.923879445, z: 0, w: -.382683635}
  m_LocalPosition: {x: -28.7999992, y: 23.3999996, z: -48}
  m_LocalScale: {x: 1.5, y: 1.5, z: 1.5}
  m_Children:
  - {fileID: 499564}
  - {fileID: 429708}
  - {fileID: 486280}
  - {fileID: 465246}
  - {fileID: 401236}
  - {fileID: 413594}
  - {fileID: 432290}
  m_Father: {fileID: 0}
  m_RootOrder: 0
--- !u!4 &465246
Transform:
  m_ObjectHideFlags: 1
  m_PrefabParentObject: {fileID: 0}
  m_PrefabInternal: {fileID: 100100000}
  m_GameObject: {fileID: 172694}
  m_LocalRotation: {x: -6.12323492e-17, y: -1.49011612e-07, z: -6.12323228e-17, w: 1}
  m_LocalPosition: {x: .0455932245, y: -12.6686993, z: .00222265976}
  m_LocalScale: {x: 1.46666658, y: 1.50333631, z: 1.4666667}
  m_Children: []
  m_Father: {fileID: 458266}
  m_RootOrder: 3
--- !u!4 &486280
Transform:
  m_ObjectHideFlags: 1
  m_PrefabParentObject: {fileID: 0}
  m_PrefabInternal: {fileID: 100100000}
  m_GameObject: {fileID: 100764}
  m_LocalRotation: {x: -1, y: 1.62920685e-07, z: -3.57627869e-07, w: 4.97379915e-14}
  m_LocalPosition: {x: .0455932245, y: -.191008255, z: .00222265976}
  m_LocalScale: {x: 1.4666667, y: 1.50333631, z: 1.4666667}
  m_Children: []
  m_Father: {fileID: 458266}
  m_RootOrder: 2
--- !u!4 &499564
Transform:
  m_ObjectHideFlags: 1
  m_PrefabParentObject: {fileID: 0}
  m_PrefabInternal: {fileID: 100100000}
  m_GameObject: {fileID: 128224}
  m_LocalRotation: {x: -8.6595606e-17, y: -.707107008, z: 1.65436138e-23, w: .70710659}
  m_LocalPosition: {x: .0455932245, y: 3.71766543, z: .00222265976}
  m_LocalScale: {x: 1.46666646, y: 1.50333631, z: 1.46666646}
  m_Children: []
  m_Father: {fileID: 458266}
  m_RootOrder: 0
--- !u!23 &2334976
MeshRenderer:
  m_ObjectHideFlags: 1
  m_PrefabParentObject: {fileID: 0}
  m_PrefabInternal: {fileID: 100100000}
  m_GameObject: {fileID: 172694}
  m_Enabled: 1
  m_CastShadows: 1
  m_ReceiveShadows: 1
  m_Materials:
  - {fileID: 2100000, guid: b8e82816f08b54f82bd20f0a278139c6, type: 2}
  m_SubsetIndices: 
  m_StaticBatchRoot: {fileID: 0}
  m_UseLightProbes: 1
  m_ReflectionProbeUsage: 1
  m_ProbeAnchor: {fileID: 0}
  m_ScaleInLightmap: 1
  m_PreserveUVs: 0
  m_ImportantGI: 0
  m_AutoUVMaxDistance: .5
  m_AutoUVMaxAngle: 89
  m_LightmapParameters: {fileID: 0}
  m_SortingLayerID: 0
  m_SortingOrder: 0
--- !u!23 &2342154
MeshRenderer:
  m_ObjectHideFlags: 1
  m_PrefabParentObject: {fileID: 0}
  m_PrefabInternal: {fileID: 100100000}
  m_GameObject: {fileID: 100764}
  m_Enabled: 1
  m_CastShadows: 1
  m_ReceiveShadows: 1
  m_Materials:
  - {fileID: 2100000, guid: b8e82816f08b54f82bd20f0a278139c6, type: 2}
  m_SubsetIndices: 
  m_StaticBatchRoot: {fileID: 0}
  m_UseLightProbes: 1
  m_ReflectionProbeUsage: 1
  m_ProbeAnchor: {fileID: 0}
  m_ScaleInLightmap: 1
  m_PreserveUVs: 0
  m_ImportantGI: 0
  m_AutoUVMaxDistance: .5
  m_AutoUVMaxAngle: 89
  m_LightmapParameters: {fileID: 0}
  m_SortingLayerID: 0
  m_SortingOrder: 0
--- !u!23 &2357046
MeshRenderer:
  m_ObjectHideFlags: 1
  m_PrefabParentObject: {fileID: 0}
  m_PrefabInternal: {fileID: 100100000}
  m_GameObject: {fileID: 128224}
  m_Enabled: 1
  m_CastShadows: 1
  m_ReceiveShadows: 1
  m_Materials:
  - {fileID: 2100000, guid: b8e82816f08b54f82bd20f0a278139c6, type: 2}
  m_SubsetIndices: 
  m_StaticBatchRoot: {fileID: 0}
  m_UseLightProbes: 1
  m_ReflectionProbeUsage: 1
  m_ProbeAnchor: {fileID: 0}
  m_ScaleInLightmap: 1
  m_PreserveUVs: 0
  m_ImportantGI: 0
  m_AutoUVMaxDistance: .5
  m_AutoUVMaxAngle: 89
  m_LightmapParameters: {fileID: 0}
  m_SortingLayerID: 0
  m_SortingOrder: 0
--- !u!23 &2368092
MeshRenderer:
  m_ObjectHideFlags: 1
  m_PrefabParentObject: {fileID: 0}
  m_PrefabInternal: {fileID: 100100000}
  m_GameObject: {fileID: 104148}
  m_Enabled: 1
  m_CastShadows: 1
  m_ReceiveShadows: 1
  m_Materials:
  - {fileID: 2100000, guid: b8e82816f08b54f82bd20f0a278139c6, type: 2}
  m_SubsetIndices: 
  m_StaticBatchRoot: {fileID: 0}
  m_UseLightProbes: 1
  m_ReflectionProbeUsage: 1
  m_ProbeAnchor: {fileID: 0}
  m_ScaleInLightmap: 1
  m_PreserveUVs: 0
  m_ImportantGI: 0
  m_AutoUVMaxDistance: .5
  m_AutoUVMaxAngle: 89
  m_LightmapParameters: {fileID: 0}
  m_SortingLayerID: 0
  m_SortingOrder: 0
--- !u!23 &2376120
MeshRenderer:
  m_ObjectHideFlags: 1
  m_PrefabParentObject: {fileID: 0}
  m_PrefabInternal: {fileID: 100100000}
  m_GameObject: {fileID: 174628}
  m_Enabled: 1
  m_CastShadows: 1
  m_ReceiveShadows: 1
  m_Materials:
  - {fileID: 2100000, guid: b8e82816f08b54f82bd20f0a278139c6, type: 2}
  m_SubsetIndices: 
  m_StaticBatchRoot: {fileID: 0}
  m_UseLightProbes: 1
  m_ReflectionProbeUsage: 1
  m_ProbeAnchor: {fileID: 0}
  m_ScaleInLightmap: 1
  m_PreserveUVs: 0
  m_ImportantGI: 0
  m_AutoUVMaxDistance: .5
  m_AutoUVMaxAngle: 89
  m_LightmapParameters: {fileID: 0}
  m_SortingLayerID: 0
  m_SortingOrder: 0
--- !u!23 &2381598
MeshRenderer:
  m_ObjectHideFlags: 1
  m_PrefabParentObject: {fileID: 0}
  m_PrefabInternal: {fileID: 100100000}
  m_GameObject: {fileID: 106328}
  m_Enabled: 1
  m_CastShadows: 1
  m_ReceiveShadows: 1
  m_Materials:
  - {fileID: 2100000, guid: b8e82816f08b54f82bd20f0a278139c6, type: 2}
  m_SubsetIndices: 
  m_StaticBatchRoot: {fileID: 0}
  m_UseLightProbes: 1
  m_ReflectionProbeUsage: 1
  m_ProbeAnchor: {fileID: 0}
  m_ScaleInLightmap: 1
  m_PreserveUVs: 0
  m_ImportantGI: 0
  m_AutoUVMaxDistance: .5
  m_AutoUVMaxAngle: 89
  m_LightmapParameters: {fileID: 0}
  m_SortingLayerID: 0
  m_SortingOrder: 0
--- !u!23 &2392582
MeshRenderer:
  m_ObjectHideFlags: 1
  m_PrefabParentObject: {fileID: 0}
  m_PrefabInternal: {fileID: 100100000}
  m_GameObject: {fileID: 195234}
  m_Enabled: 1
  m_CastShadows: 1
  m_ReceiveShadows: 1
  m_Materials:
  - {fileID: 2100000, guid: b8e82816f08b54f82bd20f0a278139c6, type: 2}
  m_SubsetIndices: 
  m_StaticBatchRoot: {fileID: 0}
  m_UseLightProbes: 1
  m_ReflectionProbeUsage: 1
  m_ProbeAnchor: {fileID: 0}
  m_ScaleInLightmap: 1
  m_PreserveUVs: 0
  m_ImportantGI: 0
  m_AutoUVMaxDistance: .5
  m_AutoUVMaxAngle: 89
  m_LightmapParameters: {fileID: 0}
  m_SortingLayerID: 0
  m_SortingOrder: 0
--- !u!33 &3305730
MeshFilter:
  m_ObjectHideFlags: 1
  m_PrefabParentObject: {fileID: 0}
  m_PrefabInternal: {fileID: 100100000}
  m_GameObject: {fileID: 128224}
  m_Mesh: {fileID: 4300054, guid: 62a551957592440938a83335434eb057, type: 3}
--- !u!33 &3317010
MeshFilter:
  m_ObjectHideFlags: 1
  m_PrefabParentObject: {fileID: 0}
  m_PrefabInternal: {fileID: 100100000}
  m_GameObject: {fileID: 172694}
  m_Mesh: {fileID: 4300010, guid: 62a551957592440938a83335434eb057, type: 3}
--- !u!33 &3341056
MeshFilter:
  m_ObjectHideFlags: 1
  m_PrefabParentObject: {fileID: 0}
  m_PrefabInternal: {fileID: 100100000}
  m_GameObject: {fileID: 195234}
  m_Mesh: {fileID: 4300010, guid: 62a551957592440938a83335434eb057, type: 3}
--- !u!33 &3345778
MeshFilter:
  m_ObjectHideFlags: 1
  m_PrefabParentObject: {fileID: 0}
  m_PrefabInternal: {fileID: 100100000}
  m_GameObject: {fileID: 100764}
  m_Mesh: {fileID: 4300010, guid: 62a551957592440938a83335434eb057, type: 3}
--- !u!33 &3356166
MeshFilter:
  m_ObjectHideFlags: 1
  m_PrefabParentObject: {fileID: 0}
  m_PrefabInternal: {fileID: 100100000}
  m_GameObject: {fileID: 174628}
  m_Mesh: {fileID: 4300004, guid: 62a551957592440938a83335434eb057, type: 3}
--- !u!33 &3392044
MeshFilter:
  m_ObjectHideFlags: 1
  m_PrefabParentObject: {fileID: 0}
  m_PrefabInternal: {fileID: 100100000}
  m_GameObject: {fileID: 104148}
  m_Mesh: {fileID: 4300004, guid: 62a551957592440938a83335434eb057, type: 3}
--- !u!33 &3397392
MeshFilter:
  m_ObjectHideFlags: 1
  m_PrefabParentObject: {fileID: 0}
  m_PrefabInternal: {fileID: 100100000}
  m_GameObject: {fileID: 106328}
  m_Mesh: {fileID: 4300004, guid: 62a551957592440938a83335434eb057, type: 3}
--- !u!54 &5401750
Rigidbody:
  m_ObjectHideFlags: 1
  m_PrefabParentObject: {fileID: 0}
  m_PrefabInternal: {fileID: 100100000}
  m_GameObject: {fileID: 174628}
  serializedVersion: 2
  m_Mass: 1
  m_Drag: 0
  m_AngularDrag: .0500000007
  m_UseGravity: 1
  m_IsKinematic: 0
  m_Interpolate: 0
  m_Constraints: 0
  m_CollisionDetection: 0
--- !u!54 &5410464
Rigidbody:
  m_ObjectHideFlags: 1
  m_PrefabParentObject: {fileID: 0}
  m_PrefabInternal: {fileID: 100100000}
  m_GameObject: {fileID: 128224}
  serializedVersion: 2
  m_Mass: 1
  m_Drag: 0
  m_AngularDrag: .0500000007
  m_UseGravity: 1
  m_IsKinematic: 0
  m_Interpolate: 0
  m_Constraints: 0
  m_CollisionDetection: 0
--- !u!54 &5412352
Rigidbody:
  m_ObjectHideFlags: 1
  m_PrefabParentObject: {fileID: 0}
  m_PrefabInternal: {fileID: 100100000}
  m_GameObject: {fileID: 172694}
  serializedVersion: 2
  m_Mass: 1
  m_Drag: 0
  m_AngularDrag: .0500000007
  m_UseGravity: 1
  m_IsKinematic: 0
  m_Interpolate: 0
  m_Constraints: 0
  m_CollisionDetection: 0
--- !u!54 &5415324
Rigidbody:
  m_ObjectHideFlags: 1
  m_PrefabParentObject: {fileID: 0}
  m_PrefabInternal: {fileID: 100100000}
  m_GameObject: {fileID: 104148}
  serializedVersion: 2
  m_Mass: 1
  m_Drag: 0
  m_AngularDrag: .0500000007
  m_UseGravity: 1
  m_IsKinematic: 0
  m_Interpolate: 0
  m_Constraints: 0
  m_CollisionDetection: 0
--- !u!54 &5423452
Rigidbody:
  m_ObjectHideFlags: 1
  m_PrefabParentObject: {fileID: 0}
  m_PrefabInternal: {fileID: 100100000}
  m_GameObject: {fileID: 195234}
  serializedVersion: 2
  m_Mass: 1
  m_Drag: 0
  m_AngularDrag: .0500000007
  m_UseGravity: 1
  m_IsKinematic: 0
  m_Interpolate: 0
  m_Constraints: 0
  m_CollisionDetection: 0
--- !u!54 &5431986
Rigidbody:
  m_ObjectHideFlags: 1
  m_PrefabParentObject: {fileID: 0}
  m_PrefabInternal: {fileID: 100100000}
  m_GameObject: {fileID: 100764}
  serializedVersion: 2
  m_Mass: 1
  m_Drag: 0
  m_AngularDrag: .0500000007
  m_UseGravity: 1
  m_IsKinematic: 0
  m_Interpolate: 0
  m_Constraints: 0
  m_CollisionDetection: 0
--- !u!54 &5463638
Rigidbody:
  m_ObjectHideFlags: 1
  m_PrefabParentObject: {fileID: 0}
  m_PrefabInternal: {fileID: 100100000}
  m_GameObject: {fileID: 106328}
  serializedVersion: 2
  m_Mass: 1
  m_Drag: 0
  m_AngularDrag: .0500000007
  m_UseGravity: 1
  m_IsKinematic: 0
  m_Interpolate: 0
  m_Constraints: 0
  m_CollisionDetection: 0
--- !u!64 &6400130
MeshCollider:
  m_ObjectHideFlags: 1
  m_PrefabParentObject: {fileID: 0}
  m_PrefabInternal: {fileID: 100100000}
  m_GameObject: {fileID: 128224}
  m_Material: {fileID: 0}
  m_IsTrigger: 0
  m_Enabled: 1
  serializedVersion: 2
  m_Convex: 1
  m_Mesh: {fileID: 4300054, guid: 62a551957592440938a83335434eb057, type: 3}
--- !u!64 &6402720
MeshCollider:
  m_ObjectHideFlags: 1
  m_PrefabParentObject: {fileID: 0}
  m_PrefabInternal: {fileID: 100100000}
  m_GameObject: {fileID: 106328}
  m_Material: {fileID: 0}
  m_IsTrigger: 0
  m_Enabled: 1
  serializedVersion: 2
  m_Convex: 1
  m_Mesh: {fileID: 4300004, guid: 62a551957592440938a83335434eb057, type: 3}
--- !u!64 &6420048
MeshCollider:
  m_ObjectHideFlags: 1
  m_PrefabParentObject: {fileID: 0}
  m_PrefabInternal: {fileID: 100100000}
  m_GameObject: {fileID: 172694}
  m_Material: {fileID: 0}
  m_IsTrigger: 0
  m_Enabled: 1
  serializedVersion: 2
  m_Convex: 1
  m_Mesh: {fileID: 4300010, guid: 62a551957592440938a83335434eb057, type: 3}
--- !u!64 &6421770
MeshCollider:
  m_ObjectHideFlags: 1
  m_PrefabParentObject: {fileID: 0}
  m_PrefabInternal: {fileID: 100100000}
  m_GameObject: {fileID: 100764}
  m_Material: {fileID: 0}
  m_IsTrigger: 0
  m_Enabled: 1
  serializedVersion: 2
  m_Convex: 1
  m_Mesh: {fileID: 4300010, guid: 62a551957592440938a83335434eb057, type: 3}
--- !u!64 &6429262
MeshCollider:
  m_ObjectHideFlags: 1
  m_PrefabParentObject: {fileID: 0}
  m_PrefabInternal: {fileID: 100100000}
  m_GameObject: {fileID: 104148}
  m_Material: {fileID: 0}
  m_IsTrigger: 0
  m_Enabled: 1
  serializedVersion: 2
  m_Convex: 1
  m_Mesh: {fileID: 4300004, guid: 62a551957592440938a83335434eb057, type: 3}
--- !u!64 &6432314
MeshCollider:
  m_ObjectHideFlags: 1
  m_PrefabParentObject: {fileID: 0}
  m_PrefabInternal: {fileID: 100100000}
  m_GameObject: {fileID: 174628}
  m_Material: {fileID: 0}
  m_IsTrigger: 0
  m_Enabled: 1
  serializedVersion: 2
  m_Convex: 1
  m_Mesh: {fileID: 4300004, guid: 62a551957592440938a83335434eb057, type: 3}
--- !u!64 &6440222
MeshCollider:
  m_ObjectHideFlags: 1
  m_PrefabParentObject: {fileID: 0}
  m_PrefabInternal: {fileID: 100100000}
  m_GameObject: {fileID: 195234}
  m_Material: {fileID: 0}
  m_IsTrigger: 0
  m_Enabled: 1
  serializedVersion: 2
  m_Convex: 1
  m_Mesh: {fileID: 4300010, guid: 62a551957592440938a83335434eb057, type: 3}
--- !u!114 &11406966
MonoBehaviour:
  m_ObjectHideFlags: 1
  m_PrefabParentObject: {fileID: 0}
  m_PrefabInternal: {fileID: 100100000}
  m_GameObject: {fileID: 128224}
  m_Enabled: 1
  m_EditorHideFlags: 0
  m_Script: {fileID: 11500000, guid: 19730dd0c854644d89302436824f32b2, type: 3}
  m_Name: 
  m_EditorClassIdentifier: 
  centerLeg1: {fileID: 110954, guid: acc5dc1271788491f94df93c6d13a613, type: 2}
  centerLeg2: {fileID: 137370, guid: acc5dc1271788491f94df93c6d13a613, type: 2}
  centerLeg3: {fileID: 192326, guid: acc5dc1271788491f94df93c6d13a613, type: 2}
  centerLeg4: {fileID: 184332, guid: acc5dc1271788491f94df93c6d13a613, type: 2}
  centerTop1: {fileID: 161404, guid: acc5dc1271788491f94df93c6d13a613, type: 2}
  centerTop2: {fileID: 194702, guid: acc5dc1271788491f94df93c6d13a613, type: 2}
  centerTop3: {fileID: 193144, guid: acc5dc1271788491f94df93c6d13a613, type: 2}
  centerTop4: {fileID: 185464, guid: acc5dc1271788491f94df93c6d13a613, type: 2}
  centerLegFracture1: {fileID: 141306}
  centerLegFracture2: {fileID: 177926, guid: 62e123c24632844c29b95df6a41de5cf, type: 2}
  centerLegFracture3: {fileID: 151274, guid: c44d5b379f35848f881ce6f55d2280de, type: 2}
  centerLegFracture4: {fileID: 194552, guid: b91ab70ef6ec64211becf37f39046aea, type: 2}
  centerTopFracture1: {fileID: 135232, guid: e007c421933c047c4beb8a1c449ffb1b, type: 2}
  centerTopFracture2: {fileID: 135860, guid: 0fdedfe3d2b1b41a2b3059e45d4088fa, type: 2}
  centerTopFracture3: {fileID: 103322, guid: 5d60d189a0e6f48229fdcc8243845026, type: 2}
  centerTopFracture4: {fileID: 116602, guid: 23b06ded102d849b49751dd53e2b72cf, type: 2}
  centerChunkWedge1: {fileID: 172694}
  centerChunkWedge2: {fileID: 100764}
  centerChunkWedge3: {fileID: 195234}
  centerChunkAngle1: {fileID: 174628}
  centerChunkAngle2: {fileID: 106328}
  centerChunkAngle3: {fileID: 104148}
  centerChunkCube: {fileID: 128224}
  centerPiecesWedge: {fileID: 105986, guid: 4011098de3bb54fc2bff38e275dec28d, type: 2}
  centerPiecesAngle: {fileID: 126380, guid: e003f9caae71a4cd2a1803cb0408e187, type: 2}
  centerPiecesCube: {fileID: 194168, guid: 3f03e0c6805ed49b9b39bbccb780774f, type: 2}
--- !u!114 &11408178
MonoBehaviour:
  m_ObjectHideFlags: 1
  m_PrefabParentObject: {fileID: 0}
  m_PrefabInternal: {fileID: 100100000}
  m_GameObject: {fileID: 104148}
  m_Enabled: 1
  m_EditorHideFlags: 0
  m_Script: {fileID: 11500000, guid: 19730dd0c854644d89302436824f32b2, type: 3}
  m_Name: 
  m_EditorClassIdentifier: 
  centerLeg1: {fileID: 110954, guid: acc5dc1271788491f94df93c6d13a613, type: 2}
  centerLeg2: {fileID: 137370, guid: acc5dc1271788491f94df93c6d13a613, type: 2}
  centerLeg3: {fileID: 192326, guid: acc5dc1271788491f94df93c6d13a613, type: 2}
  centerLeg4: {fileID: 184332, guid: acc5dc1271788491f94df93c6d13a613, type: 2}
  centerTop1: {fileID: 161404, guid: acc5dc1271788491f94df93c6d13a613, type: 2}
  centerTop2: {fileID: 194702, guid: acc5dc1271788491f94df93c6d13a613, type: 2}
  centerTop3: {fileID: 193144, guid: acc5dc1271788491f94df93c6d13a613, type: 2}
  centerTop4: {fileID: 185464, guid: acc5dc1271788491f94df93c6d13a613, type: 2}
  centerLegFracture1: {fileID: 141306}
  centerLegFracture2: {fileID: 177926, guid: 62e123c24632844c29b95df6a41de5cf, type: 2}
  centerLegFracture3: {fileID: 151274, guid: c44d5b379f35848f881ce6f55d2280de, type: 2}
  centerLegFracture4: {fileID: 194552, guid: b91ab70ef6ec64211becf37f39046aea, type: 2}
  centerTopFracture1: {fileID: 135232, guid: e007c421933c047c4beb8a1c449ffb1b, type: 2}
  centerTopFracture2: {fileID: 135860, guid: 0fdedfe3d2b1b41a2b3059e45d4088fa, type: 2}
  centerTopFracture3: {fileID: 103322, guid: 5d60d189a0e6f48229fdcc8243845026, type: 2}
  centerTopFracture4: {fileID: 116602, guid: 23b06ded102d849b49751dd53e2b72cf, type: 2}
  centerChunkWedge1: {fileID: 172694}
  centerChunkWedge2: {fileID: 100764}
  centerChunkWedge3: {fileID: 195234}
  centerChunkAngle1: {fileID: 174628}
  centerChunkAngle2: {fileID: 106328}
  centerChunkAngle3: {fileID: 104148}
  centerChunkCube: {fileID: 128224}
  centerPiecesWedge: {fileID: 105986, guid: 4011098de3bb54fc2bff38e275dec28d, type: 2}
  centerPiecesAngle: {fileID: 126380, guid: e003f9caae71a4cd2a1803cb0408e187, type: 2}
  centerPiecesCube: {fileID: 194168, guid: 3f03e0c6805ed49b9b39bbccb780774f, type: 2}
--- !u!114 &11412046
MonoBehaviour:
  m_ObjectHideFlags: 1
  m_PrefabParentObject: {fileID: 0}
  m_PrefabInternal: {fileID: 100100000}
  m_GameObject: {fileID: 174628}
  m_Enabled: 1
  m_EditorHideFlags: 0
  m_Script: {fileID: 11500000, guid: 19730dd0c854644d89302436824f32b2, type: 3}
  m_Name: 
  m_EditorClassIdentifier: 
  centerLeg1: {fileID: 110954, guid: acc5dc1271788491f94df93c6d13a613, type: 2}
  centerLeg2: {fileID: 137370, guid: acc5dc1271788491f94df93c6d13a613, type: 2}
  centerLeg3: {fileID: 192326, guid: acc5dc1271788491f94df93c6d13a613, type: 2}
  centerLeg4: {fileID: 184332, guid: acc5dc1271788491f94df93c6d13a613, type: 2}
  centerTop1: {fileID: 161404, guid: acc5dc1271788491f94df93c6d13a613, type: 2}
  centerTop2: {fileID: 194702, guid: acc5dc1271788491f94df93c6d13a613, type: 2}
  centerTop3: {fileID: 193144, guid: acc5dc1271788491f94df93c6d13a613, type: 2}
  centerTop4: {fileID: 185464, guid: acc5dc1271788491f94df93c6d13a613, type: 2}
  centerLegFracture1: {fileID: 141306}
  centerLegFracture2: {fileID: 177926, guid: 62e123c24632844c29b95df6a41de5cf, type: 2}
  centerLegFracture3: {fileID: 151274, guid: c44d5b379f35848f881ce6f55d2280de, type: 2}
  centerLegFracture4: {fileID: 194552, guid: b91ab70ef6ec64211becf37f39046aea, type: 2}
  centerTopFracture1: {fileID: 135232, guid: e007c421933c047c4beb8a1c449ffb1b, type: 2}
  centerTopFracture2: {fileID: 135860, guid: 0fdedfe3d2b1b41a2b3059e45d4088fa, type: 2}
  centerTopFracture3: {fileID: 103322, guid: 5d60d189a0e6f48229fdcc8243845026, type: 2}
  centerTopFracture4: {fileID: 116602, guid: 23b06ded102d849b49751dd53e2b72cf, type: 2}
  centerChunkWedge1: {fileID: 172694}
  centerChunkWedge2: {fileID: 100764}
  centerChunkWedge3: {fileID: 195234}
  centerChunkAngle1: {fileID: 174628}
  centerChunkAngle2: {fileID: 106328}
  centerChunkAngle3: {fileID: 104148}
  centerChunkCube: {fileID: 128224}
  centerPiecesWedge: {fileID: 105986, guid: 4011098de3bb54fc2bff38e275dec28d, type: 2}
  centerPiecesAngle: {fileID: 126380, guid: e003f9caae71a4cd2a1803cb0408e187, type: 2}
  centerPiecesCube: {fileID: 194168, guid: 3f03e0c6805ed49b9b39bbccb780774f, type: 2}
--- !u!114 &11419572
MonoBehaviour:
  m_ObjectHideFlags: 1
  m_PrefabParentObject: {fileID: 0}
  m_PrefabInternal: {fileID: 100100000}
  m_GameObject: {fileID: 172694}
  m_Enabled: 1
  m_EditorHideFlags: 0
  m_Script: {fileID: 11500000, guid: 19730dd0c854644d89302436824f32b2, type: 3}
  m_Name: 
  m_EditorClassIdentifier: 
  centerLeg1: {fileID: 110954, guid: acc5dc1271788491f94df93c6d13a613, type: 2}
  centerLeg2: {fileID: 137370, guid: acc5dc1271788491f94df93c6d13a613, type: 2}
  centerLeg3: {fileID: 192326, guid: acc5dc1271788491f94df93c6d13a613, type: 2}
  centerLeg4: {fileID: 184332, guid: acc5dc1271788491f94df93c6d13a613, type: 2}
  centerTop1: {fileID: 161404, guid: acc5dc1271788491f94df93c6d13a613, type: 2}
  centerTop2: {fileID: 194702, guid: acc5dc1271788491f94df93c6d13a613, type: 2}
  centerTop3: {fileID: 193144, guid: acc5dc1271788491f94df93c6d13a613, type: 2}
  centerTop4: {fileID: 185464, guid: acc5dc1271788491f94df93c6d13a613, type: 2}
  centerLegFracture1: {fileID: 141306}
  centerLegFracture2: {fileID: 177926, guid: 62e123c24632844c29b95df6a41de5cf, type: 2}
  centerLegFracture3: {fileID: 151274, guid: c44d5b379f35848f881ce6f55d2280de, type: 2}
  centerLegFracture4: {fileID: 194552, guid: b91ab70ef6ec64211becf37f39046aea, type: 2}
  centerTopFracture1: {fileID: 135232, guid: e007c421933c047c4beb8a1c449ffb1b, type: 2}
  centerTopFracture2: {fileID: 135860, guid: 0fdedfe3d2b1b41a2b3059e45d4088fa, type: 2}
  centerTopFracture3: {fileID: 103322, guid: 5d60d189a0e6f48229fdcc8243845026, type: 2}
  centerTopFracture4: {fileID: 116602, guid: 23b06ded102d849b49751dd53e2b72cf, type: 2}
  centerChunkWedge1: {fileID: 172694}
  centerChunkWedge2: {fileID: 100764}
  centerChunkWedge3: {fileID: 195234}
  centerChunkAngle1: {fileID: 174628}
  centerChunkAngle2: {fileID: 106328}
  centerChunkAngle3: {fileID: 104148}
  centerChunkCube: {fileID: 128224}
  centerPiecesWedge: {fileID: 105986, guid: 4011098de3bb54fc2bff38e275dec28d, type: 2}
  centerPiecesAngle: {fileID: 126380, guid: e003f9caae71a4cd2a1803cb0408e187, type: 2}
  centerPiecesCube: {fileID: 194168, guid: 3f03e0c6805ed49b9b39bbccb780774f, type: 2}
--- !u!114 &11427070
MonoBehaviour:
  m_ObjectHideFlags: 1
  m_PrefabParentObject: {fileID: 0}
  m_PrefabInternal: {fileID: 100100000}
  m_GameObject: {fileID: 106328}
  m_Enabled: 1
  m_EditorHideFlags: 0
  m_Script: {fileID: 11500000, guid: 19730dd0c854644d89302436824f32b2, type: 3}
  m_Name: 
  m_EditorClassIdentifier: 
  centerLeg1: {fileID: 110954, guid: acc5dc1271788491f94df93c6d13a613, type: 2}
  centerLeg2: {fileID: 137370, guid: acc5dc1271788491f94df93c6d13a613, type: 2}
  centerLeg3: {fileID: 192326, guid: acc5dc1271788491f94df93c6d13a613, type: 2}
  centerLeg4: {fileID: 184332, guid: acc5dc1271788491f94df93c6d13a613, type: 2}
  centerTop1: {fileID: 161404, guid: acc5dc1271788491f94df93c6d13a613, type: 2}
  centerTop2: {fileID: 194702, guid: acc5dc1271788491f94df93c6d13a613, type: 2}
  centerTop3: {fileID: 193144, guid: acc5dc1271788491f94df93c6d13a613, type: 2}
  centerTop4: {fileID: 185464, guid: acc5dc1271788491f94df93c6d13a613, type: 2}
  centerLegFracture1: {fileID: 141306}
  centerLegFracture2: {fileID: 177926, guid: 62e123c24632844c29b95df6a41de5cf, type: 2}
  centerLegFracture3: {fileID: 151274, guid: c44d5b379f35848f881ce6f55d2280de, type: 2}
  centerLegFracture4: {fileID: 194552, guid: b91ab70ef6ec64211becf37f39046aea, type: 2}
  centerTopFracture1: {fileID: 135232, guid: e007c421933c047c4beb8a1c449ffb1b, type: 2}
  centerTopFracture2: {fileID: 135860, guid: 0fdedfe3d2b1b41a2b3059e45d4088fa, type: 2}
  centerTopFracture3: {fileID: 103322, guid: 5d60d189a0e6f48229fdcc8243845026, type: 2}
  centerTopFracture4: {fileID: 116602, guid: 23b06ded102d849b49751dd53e2b72cf, type: 2}
  centerChunkWedge1: {fileID: 172694}
  centerChunkWedge2: {fileID: 100764}
  centerChunkWedge3: {fileID: 195234}
  centerChunkAngle1: {fileID: 174628}
  centerChunkAngle2: {fileID: 106328}
  centerChunkAngle3: {fileID: 104148}
  centerChunkCube: {fileID: 128224}
  centerPiecesWedge: {fileID: 105986, guid: 4011098de3bb54fc2bff38e275dec28d, type: 2}
  centerPiecesAngle: {fileID: 126380, guid: e003f9caae71a4cd2a1803cb0408e187, type: 2}
  centerPiecesCube: {fileID: 194168, guid: 3f03e0c6805ed49b9b39bbccb780774f, type: 2}
--- !u!114 &11469354
MonoBehaviour:
  m_ObjectHideFlags: 1
  m_PrefabParentObject: {fileID: 0}
  m_PrefabInternal: {fileID: 100100000}
  m_GameObject: {fileID: 100764}
  m_Enabled: 1
  m_EditorHideFlags: 0
  m_Script: {fileID: 11500000, guid: 19730dd0c854644d89302436824f32b2, type: 3}
  m_Name: 
  m_EditorClassIdentifier: 
  centerLeg1: {fileID: 110954, guid: acc5dc1271788491f94df93c6d13a613, type: 2}
  centerLeg2: {fileID: 137370, guid: acc5dc1271788491f94df93c6d13a613, type: 2}
  centerLeg3: {fileID: 192326, guid: acc5dc1271788491f94df93c6d13a613, type: 2}
  centerLeg4: {fileID: 184332, guid: acc5dc1271788491f94df93c6d13a613, type: 2}
  centerTop1: {fileID: 161404, guid: acc5dc1271788491f94df93c6d13a613, type: 2}
  centerTop2: {fileID: 194702, guid: acc5dc1271788491f94df93c6d13a613, type: 2}
  centerTop3: {fileID: 193144, guid: acc5dc1271788491f94df93c6d13a613, type: 2}
  centerTop4: {fileID: 185464, guid: acc5dc1271788491f94df93c6d13a613, type: 2}
  centerLegFracture1: {fileID: 141306}
  centerLegFracture2: {fileID: 177926, guid: 62e123c24632844c29b95df6a41de5cf, type: 2}
  centerLegFracture3: {fileID: 151274, guid: c44d5b379f35848f881ce6f55d2280de, type: 2}
  centerLegFracture4: {fileID: 194552, guid: b91ab70ef6ec64211becf37f39046aea, type: 2}
  centerTopFracture1: {fileID: 135232, guid: e007c421933c047c4beb8a1c449ffb1b, type: 2}
  centerTopFracture2: {fileID: 135860, guid: 0fdedfe3d2b1b41a2b3059e45d4088fa, type: 2}
  centerTopFracture3: {fileID: 103322, guid: 5d60d189a0e6f48229fdcc8243845026, type: 2}
  centerTopFracture4: {fileID: 116602, guid: 23b06ded102d849b49751dd53e2b72cf, type: 2}
  centerChunkWedge1: {fileID: 172694}
  centerChunkWedge2: {fileID: 100764}
  centerChunkWedge3: {fileID: 195234}
  centerChunkAngle1: {fileID: 174628}
  centerChunkAngle2: {fileID: 106328}
  centerChunkAngle3: {fileID: 104148}
  centerChunkCube: {fileID: 128224}
  centerPiecesWedge: {fileID: 105986, guid: 4011098de3bb54fc2bff38e275dec28d, type: 2}
  centerPiecesAngle: {fileID: 126380, guid: e003f9caae71a4cd2a1803cb0408e187, type: 2}
  centerPiecesCube: {fileID: 194168, guid: 3f03e0c6805ed49b9b39bbccb780774f, type: 2}
--- !u!114 &11469748
MonoBehaviour:
  m_ObjectHideFlags: 1
  m_PrefabParentObject: {fileID: 0}
  m_PrefabInternal: {fileID: 100100000}
  m_GameObject: {fileID: 195234}
  m_Enabled: 1
  m_EditorHideFlags: 0
  m_Script: {fileID: 11500000, guid: 19730dd0c854644d89302436824f32b2, type: 3}
  m_Name: 
  m_EditorClassIdentifier: 
  centerLeg1: {fileID: 110954, guid: acc5dc1271788491f94df93c6d13a613, type: 2}
  centerLeg2: {fileID: 137370, guid: acc5dc1271788491f94df93c6d13a613, type: 2}
  centerLeg3: {fileID: 192326, guid: acc5dc1271788491f94df93c6d13a613, type: 2}
  centerLeg4: {fileID: 184332, guid: acc5dc1271788491f94df93c6d13a613, type: 2}
  centerTop1: {fileID: 161404, guid: acc5dc1271788491f94df93c6d13a613, type: 2}
  centerTop2: {fileID: 194702, guid: acc5dc1271788491f94df93c6d13a613, type: 2}
  centerTop3: {fileID: 193144, guid: acc5dc1271788491f94df93c6d13a613, type: 2}
  centerTop4: {fileID: 185464, guid: acc5dc1271788491f94df93c6d13a613, type: 2}
  centerLegFracture1: {fileID: 141306}
  centerLegFracture2: {fileID: 177926, guid: 62e123c24632844c29b95df6a41de5cf, type: 2}
  centerLegFracture3: {fileID: 151274, guid: c44d5b379f35848f881ce6f55d2280de, type: 2}
  centerLegFracture4: {fileID: 194552, guid: b91ab70ef6ec64211becf37f39046aea, type: 2}
  centerTopFracture1: {fileID: 135232, guid: e007c421933c047c4beb8a1c449ffb1b, type: 2}
  centerTopFracture2: {fileID: 135860, guid: 0fdedfe3d2b1b41a2b3059e45d4088fa, type: 2}
  centerTopFracture3: {fileID: 103322, guid: 5d60d189a0e6f48229fdcc8243845026, type: 2}
  centerTopFracture4: {fileID: 116602, guid: 23b06ded102d849b49751dd53e2b72cf, type: 2}
  centerChunkWedge1: {fileID: 172694}
  centerChunkWedge2: {fileID: 100764}
  centerChunkWedge3: {fileID: 195234}
  centerChunkAngle1: {fileID: 174628}
  centerChunkAngle2: {fileID: 106328}
  centerChunkAngle3: {fileID: 104148}
  centerChunkCube: {fileID: 128224}
  centerPiecesWedge: {fileID: 105986, guid: 4011098de3bb54fc2bff38e275dec28d, type: 2}
  centerPiecesAngle: {fileID: 126380, guid: e003f9caae71a4cd2a1803cb0408e187, type: 2}
  centerPiecesCube: {fileID: 194168, guid: 3f03e0c6805ed49b9b39bbccb780774f, type: 2}
--- !u!1001 &100100000
Prefab:
  m_ObjectHideFlags: 1
  serializedVersion: 2
  m_Modification:
    m_TransformParent: {fileID: 0}
    m_Modifications: []
    m_RemovedComponents: []
  m_ParentPrefab: {fileID: 0}
  m_RootGameObject: {fileID: 141306}
  m_IsPrefabParent: 1
