%YAML 1.1
%TAG !u! tag:unity3d.com,2011:
--- !u!1 &111252
GameObject:
  m_ObjectHideFlags: 0
  m_PrefabParentObject: {fileID: 0}
  m_PrefabInternal: {fileID: 100100000}
  serializedVersion: 4
  m_Component:
  - 4: {fileID: 457306}
  m_Layer: 0
  m_Name: FullArch
  m_TagString: destructable
  m_Icon: {fileID: 0}
  m_NavMeshLayer: 0
  m_StaticEditorFlags: 0
  m_IsActive: 1
--- !u!1 &115596
GameObject:
  m_ObjectHideFlags: 0
  m_PrefabParentObject: {fileID: 0}
  m_PrefabInternal: {fileID: 100100000}
  serializedVersion: 4
  m_Component:
  - 4: {fileID: 477796}
  - 33: {fileID: 3385966}
  - 23: {fileID: 2372264}
  - 54: {fileID: 5423200}
  - 64: {fileID: 6452206}
  - 114: {fileID: 11473404}
  m_Layer: 0
  m_Name: solidTopLeft
  m_TagString: destructable
  m_Icon: {fileID: 0}
  m_NavMeshLayer: 0
  m_StaticEditorFlags: 0
  m_IsActive: 1
--- !u!1 &116442
GameObject:
  m_ObjectHideFlags: 0
  m_PrefabParentObject: {fileID: 0}
  m_PrefabInternal: {fileID: 100100000}
  serializedVersion: 4
  m_Component:
  - 4: {fileID: 490346}
  - 33: {fileID: 3314650}
  - 23: {fileID: 2385046}
  - 54: {fileID: 5462520}
  - 64: {fileID: 6426726}
  - 114: {fileID: 11416300}
  m_Layer: 0
  m_Name: solidTopRight
  m_TagString: destructable
  m_Icon: {fileID: 0}
  m_NavMeshLayer: 0
  m_StaticEditorFlags: 0
  m_IsActive: 1
--- !u!1 &122014
GameObject:
  m_ObjectHideFlags: 0
  m_PrefabParentObject: {fileID: 0}
  m_PrefabInternal: {fileID: 100100000}
  serializedVersion: 4
  m_Component:
  - 4: {fileID: 472334}
  - 33: {fileID: 3345852}
  - 23: {fileID: 2300392}
  - 64: {fileID: 6474676}
  - 114: {fileID: 11403998}
  - 54: {fileID: 5456612}
  m_Layer: 0
  m_Name: solidLegRight
  m_TagString: destructable
  m_Icon: {fileID: 0}
  m_NavMeshLayer: 0
  m_StaticEditorFlags: 0
  m_IsActive: 1
--- !u!1 &132174
GameObject:
  m_ObjectHideFlags: 0
  m_PrefabParentObject: {fileID: 0}
  m_PrefabInternal: {fileID: 100100000}
  serializedVersion: 4
  m_Component:
  - 4: {fileID: 404388}
  - 33: {fileID: 3389098}
  - 23: {fileID: 2369322}
  - 64: {fileID: 6444184}
  - 114: {fileID: 11494210}
  - 54: {fileID: 5492406}
  m_Layer: 0
  m_Name: solidLegLeft
  m_TagString: destructable
  m_Icon: {fileID: 0}
  m_NavMeshLayer: 0
  m_StaticEditorFlags: 0
  m_IsActive: 1
--- !u!4 &404388
Transform:
  m_ObjectHideFlags: 1
  m_PrefabParentObject: {fileID: 0}
  m_PrefabInternal: {fileID: 100100000}
  m_GameObject: {fileID: 132174}
  m_LocalRotation: {x: -6.12323426e-17, y: -1, z: 6.12323426e-17, w: -6.12323426e-17}
  m_LocalPosition: {x: 17.616375, y: 4.86044836, z: .141520187}
  m_LocalScale: {x: 1, y: 1, z: 1}
  m_Children: []
  m_Father: {fileID: 457306}
  m_RootOrder: 0
--- !u!4 &457306
Transform:
  m_ObjectHideFlags: 1
  m_PrefabParentObject: {fileID: 0}
  m_PrefabInternal: {fileID: 100100000}
  m_GameObject: {fileID: 111252}
  m_LocalRotation: {x: 0, y: -1, z: 0, w: -1.62981436e-07}
  m_LocalPosition: {x: 73.2352219, y: -.0464236736, z: -14.7318211}
  m_LocalScale: {x: 1, y: 1, z: 1}
  m_Children:
  - {fileID: 404388}
  - {fileID: 472334}
  - {fileID: 477796}
  - {fileID: 490346}
  m_Father: {fileID: 0}
  m_RootOrder: 0
--- !u!4 &472334
Transform:
  m_ObjectHideFlags: 1
  m_PrefabParentObject: {fileID: 0}
  m_PrefabInternal: {fileID: 100100000}
  m_GameObject: {fileID: 122014}
  m_LocalRotation: {x: -6.12323426e-17, y: -1, z: 6.12323426e-17, w: -6.12323426e-17}
  m_LocalPosition: {x: 55.4974632, y: 4.86044836, z: .141520187}
  m_LocalScale: {x: 1, y: 1, z: 1}
  m_Children: []
  m_Father: {fileID: 457306}
  m_RootOrder: 1
--- !u!4 &477796
Transform:
  m_ObjectHideFlags: 1
  m_PrefabParentObject: {fileID: 0}
  m_PrefabInternal: {fileID: 100100000}
  m_GameObject: {fileID: 115596}
  m_LocalRotation: {x: -6.12323426e-17, y: -1, z: 6.12323426e-17, w: -6.12323426e-17}
  m_LocalPosition: {x: 26.366848, y: 20.2095604, z: .141520187}
  m_LocalScale: {x: 1, y: 1, z: 1}
  m_Children: []
  m_Father: {fileID: 457306}
  m_RootOrder: 2
--- !u!4 &490346
Transform:
  m_ObjectHideFlags: 1
  m_PrefabParentObject: {fileID: 0}
  m_PrefabInternal: {fileID: 100100000}
  m_GameObject: {fileID: 116442}
  m_LocalRotation: {x: -6.12323426e-17, y: -1, z: 6.12323426e-17, w: -6.12323426e-17}
  m_LocalPosition: {x: 46.7469864, y: 20.2095604, z: .141520187}
  m_LocalScale: {x: 1, y: 1, z: 1}
  m_Children: []
  m_Father: {fileID: 457306}
  m_RootOrder: 3
--- !u!23 &2300392
MeshRenderer:
  m_ObjectHideFlags: 1
  m_PrefabParentObject: {fileID: 0}
  m_PrefabInternal: {fileID: 100100000}
  m_GameObject: {fileID: 122014}
  m_Enabled: 1
  m_CastShadows: 1
  m_ReceiveShadows: 1
  m_Materials:
  - {fileID: 2100000, guid: b8e82816f08b54f82bd20f0a278139c6, type: 2}
  m_SubsetIndices: 
  m_StaticBatchRoot: {fileID: 0}
  m_UseLightProbes: 1
  m_ReflectionProbeUsage: 1
  m_ProbeAnchor: {fileID: 0}
  m_ScaleInLightmap: 1
  m_PreserveUVs: 0
  m_ImportantGI: 0
  m_AutoUVMaxDistance: .5
  m_AutoUVMaxAngle: 89
  m_LightmapParameters: {fileID: 0}
  m_SortingLayerID: 0
  m_SortingOrder: 0
--- !u!23 &2369322
MeshRenderer:
  m_ObjectHideFlags: 1
  m_PrefabParentObject: {fileID: 0}
  m_PrefabInternal: {fileID: 100100000}
  m_GameObject: {fileID: 132174}
  m_Enabled: 1
  m_CastShadows: 1
  m_ReceiveShadows: 1
  m_Materials:
  - {fileID: 2100000, guid: b8e82816f08b54f82bd20f0a278139c6, type: 2}
  m_SubsetIndices: 
  m_StaticBatchRoot: {fileID: 0}
  m_UseLightProbes: 1
  m_ReflectionProbeUsage: 1
  m_ProbeAnchor: {fileID: 0}
  m_ScaleInLightmap: 1
  m_PreserveUVs: 0
  m_ImportantGI: 0
  m_AutoUVMaxDistance: .5
  m_AutoUVMaxAngle: 89
  m_LightmapParameters: {fileID: 0}
  m_SortingLayerID: 0
  m_SortingOrder: 0
--- !u!23 &2372264
MeshRenderer:
  m_ObjectHideFlags: 1
  m_PrefabParentObject: {fileID: 0}
  m_PrefabInternal: {fileID: 100100000}
  m_GameObject: {fileID: 115596}
  m_Enabled: 1
  m_CastShadows: 1
  m_ReceiveShadows: 1
  m_Materials:
  - {fileID: 2100000, guid: b8e82816f08b54f82bd20f0a278139c6, type: 2}
  m_SubsetIndices: 
  m_StaticBatchRoot: {fileID: 0}
  m_UseLightProbes: 1
  m_ReflectionProbeUsage: 1
  m_ProbeAnchor: {fileID: 0}
  m_ScaleInLightmap: 1
  m_PreserveUVs: 0
  m_ImportantGI: 0
  m_AutoUVMaxDistance: .5
  m_AutoUVMaxAngle: 89
  m_LightmapParameters: {fileID: 0}
  m_SortingLayerID: 0
  m_SortingOrder: 0
--- !u!23 &2385046
MeshRenderer:
  m_ObjectHideFlags: 1
  m_PrefabParentObject: {fileID: 0}
  m_PrefabInternal: {fileID: 100100000}
  m_GameObject: {fileID: 116442}
  m_Enabled: 1
  m_CastShadows: 1
  m_ReceiveShadows: 1
  m_Materials:
  - {fileID: 2100000, guid: b8e82816f08b54f82bd20f0a278139c6, type: 2}
  m_SubsetIndices: 
  m_StaticBatchRoot: {fileID: 0}
  m_UseLightProbes: 1
  m_ReflectionProbeUsage: 1
  m_ProbeAnchor: {fileID: 0}
  m_ScaleInLightmap: 1
  m_PreserveUVs: 0
  m_ImportantGI: 0
  m_AutoUVMaxDistance: .5
  m_AutoUVMaxAngle: 89
  m_LightmapParameters: {fileID: 0}
  m_SortingLayerID: 0
  m_SortingOrder: 0
--- !u!33 &3314650
MeshFilter:
  m_ObjectHideFlags: 1
  m_PrefabParentObject: {fileID: 0}
  m_PrefabInternal: {fileID: 100100000}
  m_GameObject: {fileID: 116442}
  m_Mesh: {fileID: 4300044, guid: 62a551957592440938a83335434eb057, type: 3}
--- !u!33 &3345852
MeshFilter:
  m_ObjectHideFlags: 1
  m_PrefabParentObject: {fileID: 0}
  m_PrefabInternal: {fileID: 100100000}
  m_GameObject: {fileID: 122014}
  m_Mesh: {fileID: 4300042, guid: 62a551957592440938a83335434eb057, type: 3}
--- !u!33 &3385966
MeshFilter:
  m_ObjectHideFlags: 1
  m_PrefabParentObject: {fileID: 0}
  m_PrefabInternal: {fileID: 100100000}
  m_GameObject: {fileID: 115596}
  m_Mesh: {fileID: 4300002, guid: 62a551957592440938a83335434eb057, type: 3}
--- !u!33 &3389098
MeshFilter:
  m_ObjectHideFlags: 1
  m_PrefabParentObject: {fileID: 0}
  m_PrefabInternal: {fileID: 100100000}
  m_GameObject: {fileID: 132174}
  m_Mesh: {fileID: 4300000, guid: 62a551957592440938a83335434eb057, type: 3}
--- !u!54 &5423200
Rigidbody:
  m_ObjectHideFlags: 1
  m_PrefabParentObject: {fileID: 0}
  m_PrefabInternal: {fileID: 100100000}
  m_GameObject: {fileID: 115596}
  serializedVersion: 2
  m_Mass: 3
  m_Drag: 1
  m_AngularDrag: 2
  m_UseGravity: 1
  m_IsKinematic: 0
  m_Interpolate: 0
  m_Constraints: 0
  m_CollisionDetection: 0
--- !u!54 &5456612
Rigidbody:
  m_ObjectHideFlags: 1
  m_PrefabParentObject: {fileID: 0}
  m_PrefabInternal: {fileID: 100100000}
  m_GameObject: {fileID: 122014}
  serializedVersion: 2
  m_Mass: 3
  m_Drag: 1
  m_AngularDrag: 2
  m_UseGravity: 1
  m_IsKinematic: 0
  m_Interpolate: 0
  m_Constraints: 0
  m_CollisionDetection: 0
--- !u!54 &5462520
Rigidbody:
  m_ObjectHideFlags: 1
  m_PrefabParentObject: {fileID: 0}
  m_PrefabInternal: {fileID: 100100000}
  m_GameObject: {fileID: 116442}
  serializedVersion: 2
  m_Mass: 3
  m_Drag: 1
  m_AngularDrag: 2
  m_UseGravity: 1
  m_IsKinematic: 0
  m_Interpolate: 0
  m_Constraints: 0
  m_CollisionDetection: 0
--- !u!54 &5492406
Rigidbody:
  m_ObjectHideFlags: 1
  m_PrefabParentObject: {fileID: 0}
  m_PrefabInternal: {fileID: 100100000}
  m_GameObject: {fileID: 132174}
  serializedVersion: 2
  m_Mass: 3
  m_Drag: 1
  m_AngularDrag: 2
  m_UseGravity: 1
  m_IsKinematic: 0
  m_Interpolate: 0
  m_Constraints: 0
  m_CollisionDetection: 0
--- !u!64 &6426726
MeshCollider:
  m_ObjectHideFlags: 1
  m_PrefabParentObject: {fileID: 0}
  m_PrefabInternal: {fileID: 100100000}
  m_GameObject: {fileID: 116442}
  m_Material: {fileID: 0}
  m_IsTrigger: 0
  m_Enabled: 1
  serializedVersion: 2
  m_Convex: 1
  m_Mesh: {fileID: 4300044, guid: 62a551957592440938a83335434eb057, type: 3}
--- !u!64 &6444184
MeshCollider:
  m_ObjectHideFlags: 1
  m_PrefabParentObject: {fileID: 0}
  m_PrefabInternal: {fileID: 100100000}
  m_GameObject: {fileID: 132174}
  m_Material: {fileID: 0}
  m_IsTrigger: 0
  m_Enabled: 1
  serializedVersion: 2
  m_Convex: 1
  m_Mesh: {fileID: 4300000, guid: 62a551957592440938a83335434eb057, type: 3}
--- !u!64 &6452206
MeshCollider:
  m_ObjectHideFlags: 1
  m_PrefabParentObject: {fileID: 0}
  m_PrefabInternal: {fileID: 100100000}
  m_GameObject: {fileID: 115596}
  m_Material: {fileID: 0}
  m_IsTrigger: 0
  m_Enabled: 1
  serializedVersion: 2
  m_Convex: 1
  m_Mesh: {fileID: 4300002, guid: 62a551957592440938a83335434eb057, type: 3}
--- !u!64 &6474676
MeshCollider:
  m_ObjectHideFlags: 1
  m_PrefabParentObject: {fileID: 0}
  m_PrefabInternal: {fileID: 100100000}
  m_GameObject: {fileID: 122014}
  m_Material: {fileID: 0}
  m_IsTrigger: 0
  m_Enabled: 1
  serializedVersion: 2
  m_Convex: 1
  m_Mesh: {fileID: 4300042, guid: 62a551957592440938a83335434eb057, type: 3}
--- !u!114 &11403998
MonoBehaviour:
  m_ObjectHideFlags: 1
  m_PrefabParentObject: {fileID: 0}
  m_PrefabInternal: {fileID: 100100000}
  m_GameObject: {fileID: 122014}
  m_Enabled: 1
  m_EditorHideFlags: 0
  m_Script: {fileID: 11500000, guid: 655fdd941dc274bbb8dfc46b7c6f397e, type: 3}
  m_Name: 
  m_EditorClassIdentifier: 
  topLeft: {fileID: 115596}
  topRight: {fileID: 116442}
  legLeft: {fileID: 132174}
  legRight: {fileID: 122014}
  fractureTopLeft: {fileID: 125976, guid: 42a80f827d1d24eb59c1bbe408ff79d4, type: 2}
  fractureTopRight: {fileID: 142680, guid: 3e79fb9d2929d446ba5c9bcb74ba6cc0, type: 2}
  fractureLegLeft: {fileID: 184640, guid: e801e5ca2621e4f559ba5692ded338ff, type: 2}
  fractureLegRight: {fileID: 124016, guid: e5c28aa600b4d44309f0a993d3a6285e, type: 2}
  chunkWedge1: {fileID: 161094, guid: e5c28aa600b4d44309f0a993d3a6285e, type: 2}
  chunkWedge2: {fileID: 116802, guid: e5c28aa600b4d44309f0a993d3a6285e, type: 2}
  chunkWedge3: {fileID: 131568, guid: e5c28aa600b4d44309f0a993d3a6285e, type: 2}
  chunkAngle1: {fileID: 138418, guid: e5c28aa600b4d44309f0a993d3a6285e, type: 2}
  chunkAngle2: {fileID: 128262, guid: e5c28aa600b4d44309f0a993d3a6285e, type: 2}
  chunkAngle3: {fileID: 120980, guid: e5c28aa600b4d44309f0a993d3a6285e, type: 2}
  chunkCube: {fileID: 175794, guid: e5c28aa600b4d44309f0a993d3a6285e, type: 2}
  piecesWedge: {fileID: 127838, guid: 527f48854650f4e549f883c7b169decf, type: 2}
  piecesAngle: {fileID: 134948, guid: e95e26909f84244f890f8ebfb358ec64, type: 2}
  piecesCube: {fileID: 130036, guid: 009ed64e3b3bc47d6a7fb25c18258bac, type: 2}
--- !u!114 &11416300
MonoBehaviour:
  m_ObjectHideFlags: 1
  m_PrefabParentObject: {fileID: 0}
  m_PrefabInternal: {fileID: 100100000}
  m_GameObject: {fileID: 116442}
  m_Enabled: 1
  m_EditorHideFlags: 0
  m_Script: {fileID: 11500000, guid: 655fdd941dc274bbb8dfc46b7c6f397e, type: 3}
  m_Name: 
  m_EditorClassIdentifier: 
  topLeft: {fileID: 115596}
  topRight: {fileID: 116442}
  legLeft: {fileID: 132174}
  legRight: {fileID: 122014}
  fractureTopLeft: {fileID: 125976, guid: 42a80f827d1d24eb59c1bbe408ff79d4, type: 2}
  fractureTopRight: {fileID: 142680, guid: 3e79fb9d2929d446ba5c9bcb74ba6cc0, type: 2}
  fractureLegLeft: {fileID: 184640, guid: e801e5ca2621e4f559ba5692ded338ff, type: 2}
  fractureLegRight: {fileID: 124016, guid: e5c28aa600b4d44309f0a993d3a6285e, type: 2}
  chunkWedge1: {fileID: 160304, guid: 3e79fb9d2929d446ba5c9bcb74ba6cc0, type: 2}
  chunkWedge2: {fileID: 165356, guid: 3e79fb9d2929d446ba5c9bcb74ba6cc0, type: 2}
  chunkWedge3: {fileID: 148280, guid: 3e79fb9d2929d446ba5c9bcb74ba6cc0, type: 2}
  chunkAngle1: {fileID: 167496, guid: 3e79fb9d2929d446ba5c9bcb74ba6cc0, type: 2}
  chunkAngle2: {fileID: 118754, guid: 3e79fb9d2929d446ba5c9bcb74ba6cc0, type: 2}
  chunkAngle3: {fileID: 158174, guid: 3e79fb9d2929d446ba5c9bcb74ba6cc0, type: 2}
  chunkCube: {fileID: 197784, guid: 3e79fb9d2929d446ba5c9bcb74ba6cc0, type: 2}
  piecesWedge: {fileID: 127838, guid: 527f48854650f4e549f883c7b169decf, type: 2}
  piecesAngle: {fileID: 134948, guid: e95e26909f84244f890f8ebfb358ec64, type: 2}
  piecesCube: {fileID: 130036, guid: 009ed64e3b3bc47d6a7fb25c18258bac, type: 2}
--- !u!114 &11473404
MonoBehaviour:
  m_ObjectHideFlags: 1
  m_PrefabParentObject: {fileID: 0}
  m_PrefabInternal: {fileID: 100100000}
  m_GameObject: {fileID: 115596}
  m_Enabled: 1
  m_EditorHideFlags: 0
  m_Script: {fileID: 11500000, guid: 655fdd941dc274bbb8dfc46b7c6f397e, type: 3}
  m_Name: 
  m_EditorClassIdentifier: 
  topLeft: {fileID: 115596}
  topRight: {fileID: 116442}
  legLeft: {fileID: 132174}
  legRight: {fileID: 122014}
  fractureTopLeft: {fileID: 125976, guid: 42a80f827d1d24eb59c1bbe408ff79d4, type: 2}
  fractureTopRight: {fileID: 142680, guid: 3e79fb9d2929d446ba5c9bcb74ba6cc0, type: 2}
  fractureLegLeft: {fileID: 184640, guid: e801e5ca2621e4f559ba5692ded338ff, type: 2}
  fractureLegRight: {fileID: 124016, guid: e5c28aa600b4d44309f0a993d3a6285e, type: 2}
  chunkWedge1: {fileID: 143020, guid: 42a80f827d1d24eb59c1bbe408ff79d4, type: 2}
  chunkWedge2: {fileID: 129898, guid: 42a80f827d1d24eb59c1bbe408ff79d4, type: 2}
  chunkWedge3: {fileID: 135840, guid: 42a80f827d1d24eb59c1bbe408ff79d4, type: 2}
  chunkAngle1: {fileID: 150598, guid: 42a80f827d1d24eb59c1bbe408ff79d4, type: 2}
  chunkAngle2: {fileID: 159860, guid: 42a80f827d1d24eb59c1bbe408ff79d4, type: 2}
  chunkAngle3: {fileID: 110056, guid: 42a80f827d1d24eb59c1bbe408ff79d4, type: 2}
  chunkCube: {fileID: 143338, guid: 42a80f827d1d24eb59c1bbe408ff79d4, type: 2}
  piecesWedge: {fileID: 127838, guid: 527f48854650f4e549f883c7b169decf, type: 2}
  piecesAngle: {fileID: 134948, guid: e95e26909f84244f890f8ebfb358ec64, type: 2}
  piecesCube: {fileID: 130036, guid: 009ed64e3b3bc47d6a7fb25c18258bac, type: 2}
--- !u!114 &11494210
MonoBehaviour:
  m_ObjectHideFlags: 1
  m_PrefabParentObject: {fileID: 0}
  m_PrefabInternal: {fileID: 100100000}
  m_GameObject: {fileID: 132174}
  m_Enabled: 1
  m_EditorHideFlags: 0
  m_Script: {fileID: 11500000, guid: 655fdd941dc274bbb8dfc46b7c6f397e, type: 3}
  m_Name: 
  m_EditorClassIdentifier: 
  topLeft: {fileID: 115596}
  topRight: {fileID: 116442}
  legLeft: {fileID: 132174}
  legRight: {fileID: 122014}
  fractureTopLeft: {fileID: 125976, guid: 42a80f827d1d24eb59c1bbe408ff79d4, type: 2}
  fractureTopRight: {fileID: 142680, guid: 3e79fb9d2929d446ba5c9bcb74ba6cc0, type: 2}
  fractureLegLeft: {fileID: 184640, guid: e801e5ca2621e4f559ba5692ded338ff, type: 2}
  fractureLegRight: {fileID: 124016, guid: e5c28aa600b4d44309f0a993d3a6285e, type: 2}
  chunkWedge1: {fileID: 129196, guid: e801e5ca2621e4f559ba5692ded338ff, type: 2}
  chunkWedge2: {fileID: 174464, guid: e801e5ca2621e4f559ba5692ded338ff, type: 2}
  chunkWedge3: {fileID: 178598, guid: e801e5ca2621e4f559ba5692ded338ff, type: 2}
  chunkAngle1: {fileID: 195650, guid: e801e5ca2621e4f559ba5692ded338ff, type: 2}
  chunkAngle2: {fileID: 193058, guid: e801e5ca2621e4f559ba5692ded338ff, type: 2}
  chunkAngle3: {fileID: 128834, guid: e801e5ca2621e4f559ba5692ded338ff, type: 2}
  chunkCube: {fileID: 102606, guid: e801e5ca2621e4f559ba5692ded338ff, type: 2}
  piecesWedge: {fileID: 127838, guid: 527f48854650f4e549f883c7b169decf, type: 2}
  piecesAngle: {fileID: 134948, guid: e95e26909f84244f890f8ebfb358ec64, type: 2}
  piecesCube: {fileID: 130036, guid: 009ed64e3b3bc47d6a7fb25c18258bac, type: 2}
--- !u!1001 &100100000
Prefab:
  m_ObjectHideFlags: 1
  serializedVersion: 2
  m_Modification:
    m_TransformParent: {fileID: 0}
    m_Modifications:
    - target: {fileID: 0}
      propertyPath: m_Mesh
      value: 
      objectReference: {fileID: 4300044, guid: 62a551957592440938a83335434eb057, type: 3}
    - target: {fileID: 0}
      propertyPath: m_Convex
      value: 1
      objectReference: {fileID: 0}
    m_RemovedComponents: []
  m_ParentPrefab: {fileID: 0}
  m_RootGameObject: {fileID: 111252}
  m_IsPrefabParent: 1
