%YAML 1.1
%TAG !u! tag:unity3d.com,2011:
--- !u!1 &102278
GameObject:
  m_ObjectHideFlags: 1
  m_PrefabParentObject: {fileID: 0}
  m_PrefabInternal: {fileID: 100100000}
  serializedVersion: 4
  m_Component:
  - 4: {fileID: 407838}
  - 33: {fileID: 3344906}
  - 23: {fileID: 2379146}
  m_Layer: 0
  m_Name: SkyCarWheelFrontRight
  m_TagString: Untagged
  m_Icon: {fileID: 0}
  m_NavMeshLayer: 0
  m_StaticEditorFlags: 0
  m_IsActive: 1
--- !u!1 &102548
GameObject:
  m_ObjectHideFlags: 1
  m_PrefabParentObject: {fileID: 0}
  m_PrefabInternal: {fileID: 100100000}
  serializedVersion: 4
  m_Component:
  - 4: {fileID: 413480}
  - 33: {fileID: 3337950}
  - 23: {fileID: 2377854}
  - 114: {fileID: 11467236}
  - 114: {fileID: 11446004}
  m_Layer: 0
  m_Name: SkyCarMudGuardFrontRight
  m_TagString: Untagged
  m_Icon: {fileID: 0}
  m_NavMeshLayer: 0
  m_StaticEditorFlags: 0
  m_IsActive: 1
--- !u!1 &103122
GameObject:
  m_ObjectHideFlags: 0
  m_PrefabParentObject: {fileID: 0}
  m_PrefabInternal: {fileID: 100100000}
  serializedVersion: 4
  m_Component:
  - 4: {fileID: 447566}
  m_Layer: 0
  m_Name: WheelsHubs
  m_TagString: Untagged
  m_Icon: {fileID: 0}
  m_NavMeshLayer: 0
  m_StaticEditorFlags: 0
  m_IsActive: 1
--- !u!1 &105086
GameObject:
  m_ObjectHideFlags: 1
  m_PrefabParentObject: {fileID: 0}
  m_PrefabInternal: {fileID: 100100000}
  serializedVersion: 4
  m_Component:
  - 4: {fileID: 492820}
  - 146: {fileID: 14681592}
  - 82: {fileID: 8296424}
  - 114: {fileID: 11421682}
  m_Layer: 0
  m_Name: WheelHubFrontLeft
  m_TagString: Untagged
  m_Icon: {fileID: 0}
  m_NavMeshLayer: 0
  m_StaticEditorFlags: 0
  m_IsActive: 1
--- !u!1 &119642
GameObject:
  m_ObjectHideFlags: 0
  m_PrefabParentObject: {fileID: 0}
  m_PrefabInternal: {fileID: 100100000}
  serializedVersion: 4
  m_Component:
  - 4: {fileID: 480774}
  - 114: {fileID: 11478396}
  - 114: {fileID: 11413946}
  - 65: {fileID: 6590832}
  - 114: {fileID: 11465120}
  - 54: {fileID: 5432838}
  m_Layer: 0
  m_Name: CarVanilla
  m_TagString: Untagged
  m_Icon: {fileID: 0}
  m_NavMeshLayer: 0
  m_StaticEditorFlags: 0
  m_IsActive: 1
--- !u!1 &120136
GameObject:
  m_ObjectHideFlags: 1
  m_PrefabParentObject: {fileID: 0}
  m_PrefabInternal: {fileID: 100100000}
  serializedVersion: 4
  m_Component:
  - 4: {fileID: 460976}
  - 33: {fileID: 3329268}
  - 23: {fileID: 2389622}
  - 114: {fileID: 11495930}
  m_Layer: 0
  m_Name: SkyCarBrakeLightsGlow
  m_TagString: Untagged
  m_Icon: {fileID: 0}
  m_NavMeshLayer: 0
  m_StaticEditorFlags: 0
  m_IsActive: 1
--- !u!1 &121010
GameObject:
  m_ObjectHideFlags: 0
  m_PrefabParentObject: {fileID: 0}
  m_PrefabInternal: {fileID: 100100000}
  serializedVersion: 4
  m_Component:
  - 4: {fileID: 405794}
  m_Layer: 0
  m_Name: Helpers
  m_TagString: Untagged
  m_Icon: {fileID: 0}
  m_NavMeshLayer: 0
  m_StaticEditorFlags: 0
  m_IsActive: 1
--- !u!1 &121228
GameObject:
  m_ObjectHideFlags: 1
  m_PrefabParentObject: {fileID: 0}
  m_PrefabInternal: {fileID: 100100000}
  serializedVersion: 4
  m_Component:
  - 4: {fileID: 478236}
  - 33: {fileID: 3342184}
  - 23: {fileID: 2366108}
  - 114: {fileID: 11474828}
  - 114: {fileID: 11414930}
  m_Layer: 0
  m_Name: SkyCarMudGuardFrontLeft
  m_TagString: Untagged
  m_Icon: {fileID: 0}
  m_NavMeshLayer: 0
  m_StaticEditorFlags: 0
  m_IsActive: 1
--- !u!1 &123462
GameObject:
  m_ObjectHideFlags: 1
  m_PrefabParentObject: {fileID: 0}
  m_PrefabInternal: {fileID: 100100000}
  serializedVersion: 4
  m_Component:
  - 4: {fileID: 473336}
  - 33: {fileID: 3388894}
  - 23: {fileID: 2380594}
  m_Layer: 0
  m_Name: SkyCarBody
  m_TagString: Untagged
  m_Icon: {fileID: 0}
  m_NavMeshLayer: 0
  m_StaticEditorFlags: 0
  m_IsActive: 1
--- !u!1 &125990
GameObject:
  m_ObjectHideFlags: 1
  m_PrefabParentObject: {fileID: 0}
  m_PrefabInternal: {fileID: 100100000}
  serializedVersion: 4
  m_Component:
  - 4: {fileID: 423804}
  - 33: {fileID: 3352558}
  - 23: {fileID: 2312760}
  m_Layer: 0
  m_Name: SkyCarWheelRearLeft
  m_TagString: Untagged
  m_Icon: {fileID: 0}
  m_NavMeshLayer: 0
  m_StaticEditorFlags: 0
  m_IsActive: 1
--- !u!1 &131676
GameObject:
  m_ObjectHideFlags: 1
  m_PrefabParentObject: {fileID: 0}
  m_PrefabInternal: {fileID: 100100000}
  serializedVersion: 4
  m_Component:
  - 4: {fileID: 470888}
  m_Layer: 0
  m_Name: WaypointTargetObject
  m_TagString: Untagged
  m_Icon: {fileID: 0}
  m_NavMeshLayer: 0
  m_StaticEditorFlags: 0
  m_IsActive: 1
--- !u!1 &136420
GameObject:
  m_ObjectHideFlags: 1
  m_PrefabParentObject: {fileID: 0}
  m_PrefabInternal: {fileID: 100100000}
  serializedVersion: 4
  m_Component:
  - 4: {fileID: 498024}
  - 33: {fileID: 3328352}
  - 23: {fileID: 2318012}
  m_Layer: 0
  m_Name: SkyCarHeadLightsGlow
  m_TagString: Untagged
  m_Icon: {fileID: 0}
  m_NavMeshLayer: 0
  m_StaticEditorFlags: 0
  m_IsActive: 1
--- !u!1 &136852
GameObject:
  m_ObjectHideFlags: 0
  m_PrefabParentObject: {fileID: 0}
  m_PrefabInternal: {fileID: 100100000}
  serializedVersion: 4
  m_Component:
  - 4: {fileID: 445010}
  m_Layer: 0
  m_Name: Lights
  m_TagString: Untagged
  m_Icon: {fileID: 0}
  m_NavMeshLayer: 0
  m_StaticEditorFlags: 0
  m_IsActive: 1
--- !u!1 &144722
GameObject:
  m_ObjectHideFlags: 1
  m_PrefabParentObject: {fileID: 0}
  m_PrefabInternal: {fileID: 100100000}
  serializedVersion: 4
  m_Component:
  - 4: {fileID: 491710}
  - 146: {fileID: 14605852}
  - 82: {fileID: 8255258}
  - 114: {fileID: 11484290}
  m_Layer: 0
  m_Name: WheelHubFrontRight
  m_TagString: Untagged
  m_Icon: {fileID: 0}
  m_NavMeshLayer: 0
  m_StaticEditorFlags: 0
  m_IsActive: 1
--- !u!1 &147624
GameObject:
  m_ObjectHideFlags: 1
  m_PrefabParentObject: {fileID: 0}
  m_PrefabInternal: {fileID: 100100000}
  serializedVersion: 4
  m_Component:
  - 4: {fileID: 458838}
  - 33: {fileID: 3395660}
  - 23: {fileID: 2317854}
  m_Layer: 0
  m_Name: SkyCarWheelRearRight
  m_TagString: Untagged
  m_Icon: {fileID: 0}
  m_NavMeshLayer: 0
  m_StaticEditorFlags: 0
  m_IsActive: 1
--- !u!1 &154240
GameObject:
  m_ObjectHideFlags: 1
  m_PrefabParentObject: {fileID: 0}
  m_PrefabInternal: {fileID: 100100000}
  serializedVersion: 4
  m_Component:
  - 4: {fileID: 465860}
  - 108: {fileID: 10895674}
  m_Layer: 0
  m_Name: HeadlightLeftSpot
  m_TagString: Untagged
  m_Icon: {fileID: 0}
  m_NavMeshLayer: 0
  m_StaticEditorFlags: 0
  m_IsActive: 0
--- !u!1 &158840
GameObject:
  m_ObjectHideFlags: 1
  m_PrefabParentObject: {fileID: 0}
  m_PrefabInternal: {fileID: 100100000}
  serializedVersion: 4
  m_Component:
  - 4: {fileID: 449194}
  - 33: {fileID: 3332458}
  - 23: {fileID: 2381250}
  m_Layer: 0
  m_Name: SkyCarComponents
  m_TagString: Untagged
  m_Icon: {fileID: 0}
  m_NavMeshLayer: 0
  m_StaticEditorFlags: 0
  m_IsActive: 1
--- !u!1 &161186
GameObject:
  m_ObjectHideFlags: 1
  m_PrefabParentObject: {fileID: 0}
  m_PrefabInternal: {fileID: 100100000}
  serializedVersion: 4
  m_Component:
  - 4: {fileID: 404336}
  - 146: {fileID: 14692660}
  - 82: {fileID: 8218032}
  - 114: {fileID: 11436312}
  m_Layer: 0
  m_Name: WheelHubRearRight
  m_TagString: Untagged
  m_Icon: {fileID: 0}
  m_NavMeshLayer: 0
  m_StaticEditorFlags: 0
  m_IsActive: 1
--- !u!1 &163580
GameObject:
  m_ObjectHideFlags: 0
  m_PrefabParentObject: {fileID: 0}
  m_PrefabInternal: {fileID: 100100000}
  serializedVersion: 4
  m_Component:
  - 4: {fileID: 485808}
  m_Layer: 0
  m_Name: Aim
  m_TagString: Untagged
  m_Icon: {fileID: 0}
  m_NavMeshLayer: 0
  m_StaticEditorFlags: 0
  m_IsActive: 1
--- !u!1 &173310
GameObject:
  m_ObjectHideFlags: 1
  m_PrefabParentObject: {fileID: 0}
  m_PrefabInternal: {fileID: 100100000}
  serializedVersion: 4
  m_Component:
  - 4: {fileID: 424422}
  - 146: {fileID: 14646850}
  - 82: {fileID: 8248388}
  - 114: {fileID: 11447864}
  m_Layer: 0
  m_Name: WheelHubRearLeft
  m_TagString: Untagged
  m_Icon: {fileID: 0}
  m_NavMeshLayer: 0
  m_StaticEditorFlags: 0
  m_IsActive: 1
--- !u!1 &174940
GameObject:
  m_ObjectHideFlags: 1
  m_PrefabParentObject: {fileID: 0}
  m_PrefabInternal: {fileID: 100100000}
  serializedVersion: 4
  m_Component:
  - 4: {fileID: 483202}
  m_Layer: 0
  m_Name: CameraFocusPoint
  m_TagString: Untagged
  m_Icon: {fileID: 0}
  m_NavMeshLayer: 0
  m_StaticEditorFlags: 0
  m_IsActive: 1
--- !u!1 &179430
GameObject:
  m_ObjectHideFlags: 1
  m_PrefabParentObject: {fileID: 0}
  m_PrefabInternal: {fileID: 100100000}
  serializedVersion: 4
  m_Component:
  - 4: {fileID: 477046}
  - 108: {fileID: 10848800}
  m_Layer: 0
  m_Name: HeadlighRightSpot
  m_TagString: Untagged
  m_Icon: {fileID: 0}
  m_NavMeshLayer: 0
  m_StaticEditorFlags: 0
  m_IsActive: 0
--- !u!1 &182524
GameObject:
  m_ObjectHideFlags: 0
  m_PrefabParentObject: {fileID: 0}
  m_PrefabInternal: {fileID: 100100000}
  serializedVersion: 4
  m_Component:
  - 4: {fileID: 447346}
  m_Layer: 0
  m_Name: Particles
  m_TagString: Untagged
  m_Icon: {fileID: 0}
  m_NavMeshLayer: 0
  m_StaticEditorFlags: 0
  m_IsActive: 1
--- !u!1 &188694
GameObject:
  m_ObjectHideFlags: 1
  m_PrefabParentObject: {fileID: 0}
  m_PrefabInternal: {fileID: 100100000}
  serializedVersion: 4
  m_Component:
  - 4: {fileID: 495644}
  - 33: {fileID: 3332436}
  - 23: {fileID: 2386146}
  m_Layer: 0
  m_Name: SkyCarWheelFrontLeft
  m_TagString: Untagged
  m_Icon: {fileID: 0}
  m_NavMeshLayer: 0
  m_StaticEditorFlags: 0
  m_IsActive: 1
--- !u!1 &190070
GameObject:
  m_ObjectHideFlags: 1
  m_PrefabParentObject: {fileID: 0}
  m_PrefabInternal: {fileID: 100100000}
  serializedVersion: 4
  m_Component:
  - 4: {fileID: 441480}
  - 198: {fileID: 19801134}
  - 199: {fileID: 19949822}
  m_Layer: 0
  m_Name: ParticleBurnoutSmoke
  m_TagString: Untagged
  m_Icon: {fileID: 0}
  m_NavMeshLayer: 0
  m_StaticEditorFlags: 0
  m_IsActive: 1
--- !u!1 &196848
GameObject:
  m_ObjectHideFlags: 1
  m_PrefabParentObject: {fileID: 0}
  m_PrefabInternal: {fileID: 100100000}
  serializedVersion: 4
  m_Component:
  - 4: {fileID: 498716}
  - 33: {fileID: 3391234}
  - 23: {fileID: 2337764}
  m_Layer: 0
  m_Name: SkyCarSuspensionFrontRight
  m_TagString: Untagged
  m_Icon: {fileID: 0}
  m_NavMeshLayer: 0
  m_StaticEditorFlags: 0
  m_IsActive: 1
--- !u!1 &199070
GameObject:
  m_ObjectHideFlags: 1
  m_PrefabParentObject: {fileID: 0}
  m_PrefabInternal: {fileID: 100100000}
  serializedVersion: 4
  m_Component:
  - 4: {fileID: 479006}
  - 33: {fileID: 3323666}
  - 23: {fileID: 2314794}
  m_Layer: 0
  m_Name: SkyCarSuspensionFrontLeft
  m_TagString: Untagged
  m_Icon: {fileID: 0}
  m_NavMeshLayer: 0
  m_StaticEditorFlags: 0
  m_IsActive: 1
--- !u!1 &199856
GameObject:
  m_ObjectHideFlags: 0
  m_PrefabParentObject: {fileID: 0}
  m_PrefabInternal: {fileID: 100100000}
  serializedVersion: 4
  m_Component:
  - 4: {fileID: 461678}
  m_Layer: 0
  m_Name: SkyCar
  m_TagString: Untagged
  m_Icon: {fileID: 0}
  m_NavMeshLayer: 0
  m_StaticEditorFlags: 0
  m_IsActive: 1
--- !u!4 &404336
Transform:
  m_ObjectHideFlags: 1
  m_PrefabParentObject: {fileID: 0}
  m_PrefabInternal: {fileID: 100100000}
  m_GameObject: {fileID: 161186}
  m_LocalRotation: {x: 0, y: 0, z: 0, w: 1}
  m_LocalPosition: {x: 1, y: .5, z: -1.60000002}
  m_LocalScale: {x: 1, y: 1, z: 1}
  m_Children: []
  m_Father: {fileID: 447566}
  m_RootOrder: 1
--- !u!4 &405794
Transform:
  m_ObjectHideFlags: 1
  m_PrefabParentObject: {fileID: 0}
  m_PrefabInternal: {fileID: 100100000}
  m_GameObject: {fileID: 121010}
  m_LocalRotation: {x: 0, y: 0, z: 0, w: 1}
  m_LocalPosition: {x: 0, y: 0, z: 0}
  m_LocalScale: {x: 1, y: 1, z: 1}
  m_Children:
  - {fileID: 470888}
  - {fileID: 483202}
  m_Father: {fileID: 480774}
  m_RootOrder: 3
--- !u!4 &407838
Transform:
  m_ObjectHideFlags: 1
  m_PrefabParentObject: {fileID: 0}
  m_PrefabInternal: {fileID: 100100000}
  m_GameObject: {fileID: 102278}
  m_LocalRotation: {x: 0, y: 0, z: 0, w: 1}
  m_LocalPosition: {x: 1.01477194, y: .337618589, z: 1.21807551}
  m_LocalScale: {x: 1, y: 1, z: 1}
  m_Children: []
  m_Father: {fileID: 461678}
  m_RootOrder: 9
--- !u!4 &413480
Transform:
  m_ObjectHideFlags: 1
  m_PrefabParentObject: {fileID: 0}
  m_PrefabInternal: {fileID: 100100000}
  m_GameObject: {fileID: 102548}
  m_LocalRotation: {x: 0, y: 0, z: 0, w: 1}
  m_LocalPosition: {x: 1.01129258, y: .33761856, z: 1.21807551}
  m_LocalScale: {x: 1, y: 1, z: 1}
  m_Children: []
  m_Father: {fileID: 461678}
  m_RootOrder: 5
--- !u!4 &423804
Transform:
  m_ObjectHideFlags: 1
  m_PrefabParentObject: {fileID: 0}
  m_PrefabInternal: {fileID: 100100000}
  m_GameObject: {fileID: 125990}
  m_LocalRotation: {x: 0, y: 0, z: 0, w: 1}
  m_LocalPosition: {x: -1.00306952, y: .376736373, z: -1.61721385}
  m_LocalScale: {x: 1, y: 1, z: 1}
  m_Children: []
  m_Father: {fileID: 461678}
  m_RootOrder: 10
--- !u!4 &424422
Transform:
  m_ObjectHideFlags: 1
  m_PrefabParentObject: {fileID: 0}
  m_PrefabInternal: {fileID: 100100000}
  m_GameObject: {fileID: 173310}
  m_LocalRotation: {x: 0, y: 0, z: 0, w: 1}
  m_LocalPosition: {x: -1, y: .5, z: -1.60000002}
  m_LocalScale: {x: 1, y: 1, z: 1}
  m_Children: []
  m_Father: {fileID: 447566}
  m_RootOrder: 3
--- !u!4 &441480
Transform:
  m_ObjectHideFlags: 1
  m_PrefabParentObject: {fileID: 0}
  m_PrefabInternal: {fileID: 100100000}
  m_GameObject: {fileID: 190070}
  m_LocalRotation: {x: 0, y: 1, z: 0, w: -4.37113883e-08}
  m_LocalPosition: {x: 0, y: .306424975, z: 0}
  m_LocalScale: {x: 1, y: 1, z: 1}
  m_Children: []
  m_Father: {fileID: 447346}
  m_RootOrder: 0
--- !u!4 &445010
Transform:
  m_ObjectHideFlags: 1
  m_PrefabParentObject: {fileID: 0}
  m_PrefabInternal: {fileID: 100100000}
  m_GameObject: {fileID: 136852}
  m_LocalRotation: {x: 0, y: 0, z: 0, w: 1}
  m_LocalPosition: {x: 0, y: 0, z: 0}
  m_LocalScale: {x: 1, y: 1, z: 1}
  m_Children:
  - {fileID: 465860}
  - {fileID: 477046}
  m_Father: {fileID: 480774}
  m_RootOrder: 1
--- !u!4 &447346
Transform:
  m_ObjectHideFlags: 1
  m_PrefabParentObject: {fileID: 0}
  m_PrefabInternal: {fileID: 100100000}
  m_GameObject: {fileID: 182524}
  m_LocalRotation: {x: 0, y: 0, z: 0, w: 1}
  m_LocalPosition: {x: 0, y: 0, z: 0}
  m_LocalScale: {x: 1, y: 1, z: 1}
  m_Children:
  - {fileID: 441480}
  m_Father: {fileID: 480774}
  m_RootOrder: 2
--- !u!4 &447566
Transform:
  m_ObjectHideFlags: 1
  m_PrefabParentObject: {fileID: 0}
  m_PrefabInternal: {fileID: 100100000}
  m_GameObject: {fileID: 103122}
  m_LocalRotation: {x: 0, y: 0, z: 0, w: 1}
  m_LocalPosition: {x: 0, y: 0, z: 0}
  m_LocalScale: {x: 1, y: 1, z: 1}
  m_Children:
  - {fileID: 491710}
  - {fileID: 404336}
  - {fileID: 492820}
  - {fileID: 424422}
  m_Father: {fileID: 480774}
  m_RootOrder: 0
--- !u!4 &449194
Transform:
  m_ObjectHideFlags: 1
  m_PrefabParentObject: {fileID: 0}
  m_PrefabInternal: {fileID: 100100000}
  m_GameObject: {fileID: 158840}
  m_LocalRotation: {x: 0, y: 0, z: 0, w: 1}
  m_LocalPosition: {x: 0, y: 0, z: 0}
  m_LocalScale: {x: 1, y: 1, z: 1}
  m_Children: []
  m_Father: {fileID: 461678}
  m_RootOrder: 2
--- !u!4 &458838
Transform:
  m_ObjectHideFlags: 1
  m_PrefabParentObject: {fileID: 0}
  m_PrefabInternal: {fileID: 100100000}
  m_GameObject: {fileID: 147624}
  m_LocalRotation: {x: 0, y: 0, z: 0, w: 1}
  m_LocalPosition: {x: .998898149, y: .376736373, z: -1.61721385}
  m_LocalScale: {x: 1, y: 1, z: 1}
  m_Children: []
  m_Father: {fileID: 461678}
  m_RootOrder: 11
--- !u!4 &460976
Transform:
  m_ObjectHideFlags: 1
  m_PrefabParentObject: {fileID: 0}
  m_PrefabInternal: {fileID: 100100000}
  m_GameObject: {fileID: 120136}
  m_LocalRotation: {x: 0, y: 0, z: 0, w: 1}
  m_LocalPosition: {x: 0, y: -.0139999995, z: 0}
  m_LocalScale: {x: 1, y: 1, z: 1}
  m_Children: []
  m_Father: {fileID: 461678}
  m_RootOrder: 1
--- !u!4 &461678
Transform:
  m_ObjectHideFlags: 1
  m_PrefabParentObject: {fileID: 0}
  m_PrefabInternal: {fileID: 100100000}
  m_GameObject: {fileID: 199856}
  m_LocalRotation: {x: 0, y: 0, z: 0, w: 1}
  m_LocalPosition: {x: 0, y: 0, z: 0}
  m_LocalScale: {x: 1, y: 1, z: 1}
  m_Children:
  - {fileID: 473336}
  - {fileID: 460976}
  - {fileID: 449194}
  - {fileID: 498024}
  - {fileID: 478236}
  - {fileID: 413480}
  - {fileID: 479006}
  - {fileID: 498716}
  - {fileID: 495644}
  - {fileID: 407838}
  - {fileID: 423804}
  - {fileID: 458838}
  m_Father: {fileID: 480774}
  m_RootOrder: 4
--- !u!4 &465860
Transform:
  m_ObjectHideFlags: 1
  m_PrefabParentObject: {fileID: 0}
  m_PrefabInternal: {fileID: 100100000}
  m_GameObject: {fileID: 154240}
  m_LocalRotation: {x: .163317278, y: -.137915015, z: .00232268125, w: .97688365}
  m_LocalPosition: {x: -.390337944, y: .524667144, z: 2.16278887}
  m_LocalScale: {x: 1, y: 1, z: 1}
  m_Children: []
  m_Father: {fileID: 445010}
  m_RootOrder: 0
--- !u!4 &470888
Transform:
  m_ObjectHideFlags: 1
  m_PrefabParentObject: {fileID: 0}
  m_PrefabInternal: {fileID: 100100000}
  m_GameObject: {fileID: 131676}
  m_LocalRotation: {x: 0, y: 0, z: 0, w: 1}
  m_LocalPosition: {x: -8.39999962, y: 0, z: 0}
  m_LocalScale: {x: 1, y: 1, z: 1}
  m_Children: []
  m_Father: {fileID: 405794}
  m_RootOrder: 0
--- !u!4 &473336
Transform:
  m_ObjectHideFlags: 1
  m_PrefabParentObject: {fileID: 0}
  m_PrefabInternal: {fileID: 100100000}
  m_GameObject: {fileID: 123462}
  m_LocalRotation: {x: 0, y: 0, z: 0, w: 1}
  m_LocalPosition: {x: 0, y: 0, z: 0}
  m_LocalScale: {x: 1, y: 1, z: 1}
  m_Children: []
  m_Father: {fileID: 461678}
  m_RootOrder: 0
--- !u!4 &477046
Transform:
  m_ObjectHideFlags: 1
  m_PrefabParentObject: {fileID: 0}
  m_PrefabInternal: {fileID: 100100000}
  m_GameObject: {fileID: 179430}
  m_LocalRotation: {x: .160966158, y: .122688569, z: .0172733758, w: .979152262}
  m_LocalPosition: {x: .52588582, y: .540234447, z: 2.17963457}
  m_LocalScale: {x: 1, y: 1, z: 1}
  m_Children: []
  m_Father: {fileID: 445010}
  m_RootOrder: 1
--- !u!4 &478236
Transform:
  m_ObjectHideFlags: 1
  m_PrefabParentObject: {fileID: 0}
  m_PrefabInternal: {fileID: 100100000}
  m_GameObject: {fileID: 121228}
  m_LocalRotation: {x: 0, y: 0, z: 0, w: 1}
  m_LocalPosition: {x: -1.01930892, y: .33761856, z: 1.21807551}
  m_LocalScale: {x: 1, y: 1, z: 1}
  m_Children: []
  m_Father: {fileID: 461678}
  m_RootOrder: 4
--- !u!4 &479006
Transform:
  m_ObjectHideFlags: 1
  m_PrefabParentObject: {fileID: 0}
  m_PrefabInternal: {fileID: 100100000}
  m_GameObject: {fileID: 199070}
  m_LocalRotation: {x: 0, y: 0, z: .0460603908, w: .99893868}
  m_LocalPosition: {x: -.704352498, y: .365174085, z: 1.21221578}
  m_LocalScale: {x: 1.00000012, y: 1, z: 1}
  m_Children: []
  m_Father: {fileID: 461678}
  m_RootOrder: 6
--- !u!4 &480774
Transform:
  m_ObjectHideFlags: 1
  m_PrefabParentObject: {fileID: 0}
  m_PrefabInternal: {fileID: 100100000}
  m_GameObject: {fileID: 119642}
  m_LocalRotation: {x: 0, y: 0, z: 0, w: 1}
  m_LocalPosition: {x: 29.8787155, y: 1.1333189, z: 49.135952}
  m_LocalScale: {x: 1, y: 1, z: 1}
  m_Children:
  - {fileID: 447566}
  - {fileID: 445010}
  - {fileID: 447346}
  - {fileID: 405794}
  - {fileID: 461678}
  - {fileID: 485808}
  m_Father: {fileID: 0}
  m_RootOrder: 0
--- !u!4 &483202
Transform:
  m_ObjectHideFlags: 1
  m_PrefabParentObject: {fileID: 0}
  m_PrefabInternal: {fileID: 100100000}
  m_GameObject: {fileID: 174940}
  m_LocalRotation: {x: 0, y: 0, z: 0, w: 1}
  m_LocalPosition: {x: 0, y: 1, z: 0}
  m_LocalScale: {x: 1, y: 1, z: 1}
  m_Children: []
  m_Father: {fileID: 405794}
  m_RootOrder: 1
--- !u!4 &485808
Transform:
  m_ObjectHideFlags: 1
  m_PrefabParentObject: {fileID: 0}
  m_PrefabInternal: {fileID: 100100000}
  m_GameObject: {fileID: 163580}
  m_LocalRotation: {x: 0, y: 0, z: 0, w: 1}
  m_LocalPosition: {x: 0, y: .800000012, z: 0}
  m_LocalScale: {x: 1, y: 1, z: 1}
  m_Children: []
  m_Father: {fileID: 480774}
  m_RootOrder: 5
--- !u!4 &491710
Transform:
  m_ObjectHideFlags: 1
  m_PrefabParentObject: {fileID: 0}
  m_PrefabInternal: {fileID: 100100000}
  m_GameObject: {fileID: 144722}
  m_LocalRotation: {x: 0, y: 0, z: 0, w: 1}
  m_LocalPosition: {x: 1, y: .449999988, z: 1.26999998}
  m_LocalScale: {x: 1, y: 1, z: 1}
  m_Children: []
  m_Father: {fileID: 447566}
  m_RootOrder: 0
--- !u!4 &492820
Transform:
  m_ObjectHideFlags: 1
  m_PrefabParentObject: {fileID: 0}
  m_PrefabInternal: {fileID: 100100000}
  m_GameObject: {fileID: 105086}
  m_LocalRotation: {x: 0, y: 0, z: 0, w: 1}
  m_LocalPosition: {x: -1, y: .449999988, z: 1.26999998}
  m_LocalScale: {x: 1, y: 1, z: 1}
  m_Children: []
  m_Father: {fileID: 447566}
  m_RootOrder: 2
--- !u!4 &495644
Transform:
  m_ObjectHideFlags: 1
  m_PrefabParentObject: {fileID: 0}
  m_PrefabInternal: {fileID: 100100000}
  m_GameObject: {fileID: 188694}
  m_LocalRotation: {x: 0, y: 0, z: 0, w: 1}
  m_LocalPosition: {x: -1.01932025, y: .33761856, z: 1.21807551}
  m_LocalScale: {x: 1, y: 1, z: 1}
  m_Children: []
  m_Father: {fileID: 461678}
  m_RootOrder: 8
--- !u!4 &498024
Transform:
  m_ObjectHideFlags: 1
  m_PrefabParentObject: {fileID: 0}
  m_PrefabInternal: {fileID: 100100000}
  m_GameObject: {fileID: 136420}
  m_LocalRotation: {x: 0, y: 0, z: 0, w: 1}
  m_LocalPosition: {x: 0, y: 0, z: 0}
  m_LocalScale: {x: 1, y: 1, z: 1}
  m_Children: []
  m_Father: {fileID: 461678}
  m_RootOrder: 3
--- !u!4 &498716
Transform:
  m_ObjectHideFlags: 1
  m_PrefabParentObject: {fileID: 0}
  m_PrefabInternal: {fileID: 100100000}
  m_GameObject: {fileID: 196848}
  m_LocalRotation: {x: 0, y: -0, z: -.0563007146, w: .998413861}
  m_LocalPosition: {x: .705060303, y: .365174085, z: 1.21706474}
  m_LocalScale: {x: .99999994, y: 1, z: 1}
  m_Children: []
  m_Father: {fileID: 461678}
  m_RootOrder: 7
--- !u!23 &2312760
MeshRenderer:
  m_ObjectHideFlags: 1
  m_PrefabParentObject: {fileID: 0}
  m_PrefabInternal: {fileID: 100100000}
  m_GameObject: {fileID: 125990}
  m_Enabled: 1
  m_CastShadows: 1
  m_ReceiveShadows: 0
  m_Materials:
  - {fileID: 2100000, guid: 965a4c3cf8f0acb408f15384c947b3fd, type: 2}
  m_SubsetIndices: 
  m_StaticBatchRoot: {fileID: 0}
  m_UseLightProbes: 1
  m_ReflectionProbeUsage: 1
  m_ProbeAnchor: {fileID: 0}
  m_ScaleInLightmap: 1
  m_PreserveUVs: 0
  m_ImportantGI: 0
  m_AutoUVMaxDistance: .5
  m_AutoUVMaxAngle: 89
  m_LightmapParameters: {fileID: 0}
  m_SortingLayerID: 0
  m_SortingOrder: 0
--- !u!23 &2314794
MeshRenderer:
  m_ObjectHideFlags: 1
  m_PrefabParentObject: {fileID: 0}
  m_PrefabInternal: {fileID: 100100000}
  m_GameObject: {fileID: 199070}
  m_Enabled: 1
  m_CastShadows: 0
  m_ReceiveShadows: 0
  m_Materials:
  - {fileID: 2100000, guid: d425c5c4cb38fd44f95b13e9f94575c2, type: 2}
  m_SubsetIndices: 
  m_StaticBatchRoot: {fileID: 0}
  m_UseLightProbes: 1
  m_ReflectionProbeUsage: 1
  m_ProbeAnchor: {fileID: 0}
  m_ScaleInLightmap: 1
  m_PreserveUVs: 0
  m_ImportantGI: 0
  m_AutoUVMaxDistance: .5
  m_AutoUVMaxAngle: 89
  m_LightmapParameters: {fileID: 0}
  m_SortingLayerID: 0
  m_SortingOrder: 0
--- !u!23 &2317854
MeshRenderer:
  m_ObjectHideFlags: 1
  m_PrefabParentObject: {fileID: 0}
  m_PrefabInternal: {fileID: 100100000}
  m_GameObject: {fileID: 147624}
  m_Enabled: 1
  m_CastShadows: 1
  m_ReceiveShadows: 0
  m_Materials:
  - {fileID: 2100000, guid: 965a4c3cf8f0acb408f15384c947b3fd, type: 2}
  m_SubsetIndices: 
  m_StaticBatchRoot: {fileID: 0}
  m_UseLightProbes: 1
  m_ReflectionProbeUsage: 1
  m_ProbeAnchor: {fileID: 0}
  m_ScaleInLightmap: 1
  m_PreserveUVs: 0
  m_ImportantGI: 0
  m_AutoUVMaxDistance: .5
  m_AutoUVMaxAngle: 89
  m_LightmapParameters: {fileID: 0}
  m_SortingLayerID: 0
  m_SortingOrder: 0
--- !u!23 &2318012
MeshRenderer:
  m_ObjectHideFlags: 1
  m_PrefabParentObject: {fileID: 0}
  m_PrefabInternal: {fileID: 100100000}
  m_GameObject: {fileID: 136420}
  m_Enabled: 1
  m_CastShadows: 0
  m_ReceiveShadows: 0
  m_Materials:
  - {fileID: 2100000, guid: 3682f7747d485db4586750a832808b31, type: 2}
  m_SubsetIndices: 
  m_StaticBatchRoot: {fileID: 0}
  m_UseLightProbes: 1
  m_ReflectionProbeUsage: 1
  m_ProbeAnchor: {fileID: 0}
  m_ScaleInLightmap: 1
  m_PreserveUVs: 0
  m_ImportantGI: 0
  m_AutoUVMaxDistance: .5
  m_AutoUVMaxAngle: 89
  m_LightmapParameters: {fileID: 0}
  m_SortingLayerID: 0
  m_SortingOrder: 0
--- !u!23 &2337764
MeshRenderer:
  m_ObjectHideFlags: 1
  m_PrefabParentObject: {fileID: 0}
  m_PrefabInternal: {fileID: 100100000}
  m_GameObject: {fileID: 196848}
  m_Enabled: 1
  m_CastShadows: 0
  m_ReceiveShadows: 0
  m_Materials:
  - {fileID: 2100000, guid: d425c5c4cb38fd44f95b13e9f94575c2, type: 2}
  m_SubsetIndices: 
  m_StaticBatchRoot: {fileID: 0}
  m_UseLightProbes: 1
  m_ReflectionProbeUsage: 1
  m_ProbeAnchor: {fileID: 0}
  m_ScaleInLightmap: 1
  m_PreserveUVs: 0
  m_ImportantGI: 0
  m_AutoUVMaxDistance: .5
  m_AutoUVMaxAngle: 89
  m_LightmapParameters: {fileID: 0}
  m_SortingLayerID: 0
  m_SortingOrder: 0
--- !u!23 &2366108
MeshRenderer:
  m_ObjectHideFlags: 1
  m_PrefabParentObject: {fileID: 0}
  m_PrefabInternal: {fileID: 100100000}
  m_GameObject: {fileID: 121228}
  m_Enabled: 1
  m_CastShadows: 0
  m_ReceiveShadows: 0
  m_Materials:
  - {fileID: 2100000, guid: d425c5c4cb38fd44f95b13e9f94575c2, type: 2}
  m_SubsetIndices: 
  m_StaticBatchRoot: {fileID: 0}
  m_UseLightProbes: 1
  m_ReflectionProbeUsage: 1
  m_ProbeAnchor: {fileID: 0}
  m_ScaleInLightmap: 1
  m_PreserveUVs: 0
  m_ImportantGI: 0
  m_AutoUVMaxDistance: .5
  m_AutoUVMaxAngle: 89
  m_LightmapParameters: {fileID: 0}
  m_SortingLayerID: 0
  m_SortingOrder: 0
--- !u!23 &2377854
MeshRenderer:
  m_ObjectHideFlags: 1
  m_PrefabParentObject: {fileID: 0}
  m_PrefabInternal: {fileID: 100100000}
  m_GameObject: {fileID: 102548}
  m_Enabled: 1
  m_CastShadows: 0
  m_ReceiveShadows: 0
  m_Materials:
  - {fileID: 2100000, guid: d425c5c4cb38fd44f95b13e9f94575c2, type: 2}
  m_SubsetIndices: 
  m_StaticBatchRoot: {fileID: 0}
  m_UseLightProbes: 1
  m_ReflectionProbeUsage: 1
  m_ProbeAnchor: {fileID: 0}
  m_ScaleInLightmap: 1
  m_PreserveUVs: 0
  m_ImportantGI: 0
  m_AutoUVMaxDistance: .5
  m_AutoUVMaxAngle: 89
  m_LightmapParameters: {fileID: 0}
  m_SortingLayerID: 0
  m_SortingOrder: 0
--- !u!23 &2379146
MeshRenderer:
  m_ObjectHideFlags: 1
  m_PrefabParentObject: {fileID: 0}
  m_PrefabInternal: {fileID: 100100000}
  m_GameObject: {fileID: 102278}
  m_Enabled: 1
  m_CastShadows: 1
  m_ReceiveShadows: 0
  m_Materials:
  - {fileID: 2100000, guid: 965a4c3cf8f0acb408f15384c947b3fd, type: 2}
  m_SubsetIndices: 
  m_StaticBatchRoot: {fileID: 0}
  m_UseLightProbes: 1
  m_ReflectionProbeUsage: 1
  m_ProbeAnchor: {fileID: 0}
  m_ScaleInLightmap: 1
  m_PreserveUVs: 0
  m_ImportantGI: 0
  m_AutoUVMaxDistance: .5
  m_AutoUVMaxAngle: 89
  m_LightmapParameters: {fileID: 0}
  m_SortingLayerID: 0
  m_SortingOrder: 0
--- !u!23 &2380594
MeshRenderer:
  m_ObjectHideFlags: 1
  m_PrefabParentObject: {fileID: 0}
  m_PrefabInternal: {fileID: 100100000}
  m_GameObject: {fileID: 123462}
  m_Enabled: 1
  m_CastShadows: 1
  m_ReceiveShadows: 0
  m_Materials:
  - {fileID: 2100000, guid: d425c5c4cb38fd44f95b13e9f94575c2, type: 2}
  m_SubsetIndices: 
  m_StaticBatchRoot: {fileID: 0}
  m_UseLightProbes: 1
  m_ReflectionProbeUsage: 1
  m_ProbeAnchor: {fileID: 0}
  m_ScaleInLightmap: 1
  m_PreserveUVs: 0
  m_ImportantGI: 0
  m_AutoUVMaxDistance: .5
  m_AutoUVMaxAngle: 89
  m_LightmapParameters: {fileID: 0}
  m_SortingLayerID: 0
  m_SortingOrder: 0
--- !u!23 &2381250
MeshRenderer:
  m_ObjectHideFlags: 1
  m_PrefabParentObject: {fileID: 0}
  m_PrefabInternal: {fileID: 100100000}
  m_GameObject: {fileID: 158840}
  m_Enabled: 1
  m_CastShadows: 1
  m_ReceiveShadows: 0
  m_Materials:
  - {fileID: 2100000, guid: d425c5c4cb38fd44f95b13e9f94575c2, type: 2}
  - {fileID: 2100000, guid: bf5faaa3a8e23de45bf1350be2893dd7, type: 2}
  m_SubsetIndices: 
  m_StaticBatchRoot: {fileID: 0}
  m_UseLightProbes: 1
  m_ReflectionProbeUsage: 1
  m_ProbeAnchor: {fileID: 0}
  m_ScaleInLightmap: 1
  m_PreserveUVs: 0
  m_ImportantGI: 0
  m_AutoUVMaxDistance: .5
  m_AutoUVMaxAngle: 89
  m_LightmapParameters: {fileID: 0}
  m_SortingLayerID: 0
  m_SortingOrder: 0
--- !u!23 &2386146
MeshRenderer:
  m_ObjectHideFlags: 1
  m_PrefabParentObject: {fileID: 0}
  m_PrefabInternal: {fileID: 100100000}
  m_GameObject: {fileID: 188694}
  m_Enabled: 1
  m_CastShadows: 1
  m_ReceiveShadows: 0
  m_Materials:
  - {fileID: 2100000, guid: 965a4c3cf8f0acb408f15384c947b3fd, type: 2}
  m_SubsetIndices: 
  m_StaticBatchRoot: {fileID: 0}
  m_UseLightProbes: 1
  m_ReflectionProbeUsage: 1
  m_ProbeAnchor: {fileID: 0}
  m_ScaleInLightmap: 1
  m_PreserveUVs: 0
  m_ImportantGI: 0
  m_AutoUVMaxDistance: .5
  m_AutoUVMaxAngle: 89
  m_LightmapParameters: {fileID: 0}
  m_SortingLayerID: 0
  m_SortingOrder: 0
--- !u!23 &2389622
MeshRenderer:
  m_ObjectHideFlags: 1
  m_PrefabParentObject: {fileID: 0}
  m_PrefabInternal: {fileID: 100100000}
  m_GameObject: {fileID: 120136}
  m_Enabled: 0
  m_CastShadows: 0
  m_ReceiveShadows: 0
  m_Materials:
  - {fileID: 2100000, guid: 3682f7747d485db4586750a832808b31, type: 2}
  m_SubsetIndices: 
  m_StaticBatchRoot: {fileID: 0}
  m_UseLightProbes: 1
  m_ReflectionProbeUsage: 1
  m_ProbeAnchor: {fileID: 0}
  m_ScaleInLightmap: 1
  m_PreserveUVs: 0
  m_ImportantGI: 0
  m_AutoUVMaxDistance: .5
  m_AutoUVMaxAngle: 89
  m_LightmapParameters: {fileID: 0}
  m_SortingLayerID: 0
  m_SortingOrder: 0
--- !u!33 &3323666
MeshFilter:
  m_ObjectHideFlags: 1
  m_PrefabParentObject: {fileID: 0}
  m_PrefabInternal: {fileID: 100100000}
  m_GameObject: {fileID: 199070}
  m_Mesh: {fileID: 4300038, guid: e6fec471c20b9d148b1f87910e67bea4, type: 3}
--- !u!33 &3328352
MeshFilter:
  m_ObjectHideFlags: 1
  m_PrefabParentObject: {fileID: 0}
  m_PrefabInternal: {fileID: 100100000}
  m_GameObject: {fileID: 136420}
  m_Mesh: {fileID: 4300054, guid: e6fec471c20b9d148b1f87910e67bea4, type: 3}
--- !u!33 &3329268
MeshFilter:
  m_ObjectHideFlags: 1
  m_PrefabParentObject: {fileID: 0}
  m_PrefabInternal: {fileID: 100100000}
  m_GameObject: {fileID: 120136}
  m_Mesh: {fileID: 4300052, guid: e6fec471c20b9d148b1f87910e67bea4, type: 3}
--- !u!33 &3332436
MeshFilter:
  m_ObjectHideFlags: 1
  m_PrefabParentObject: {fileID: 0}
  m_PrefabInternal: {fileID: 100100000}
  m_GameObject: {fileID: 188694}
  m_Mesh: {fileID: 4300048, guid: e6fec471c20b9d148b1f87910e67bea4, type: 3}
--- !u!33 &3332458
MeshFilter:
  m_ObjectHideFlags: 1
  m_PrefabParentObject: {fileID: 0}
  m_PrefabInternal: {fileID: 100100000}
  m_GameObject: {fileID: 158840}
  m_Mesh: {fileID: 4300060, guid: e6fec471c20b9d148b1f87910e67bea4, type: 3}
--- !u!33 &3337950
MeshFilter:
  m_ObjectHideFlags: 1
  m_PrefabParentObject: {fileID: 0}
  m_PrefabInternal: {fileID: 100100000}
  m_GameObject: {fileID: 102548}
  m_Mesh: {fileID: 4300042, guid: e6fec471c20b9d148b1f87910e67bea4, type: 3}
--- !u!33 &3342184
MeshFilter:
  m_ObjectHideFlags: 1
  m_PrefabParentObject: {fileID: 0}
  m_PrefabInternal: {fileID: 100100000}
  m_GameObject: {fileID: 121228}
  m_Mesh: {fileID: 4300036, guid: e6fec471c20b9d148b1f87910e67bea4, type: 3}
--- !u!33 &3344906
MeshFilter:
  m_ObjectHideFlags: 1
  m_PrefabParentObject: {fileID: 0}
  m_PrefabInternal: {fileID: 100100000}
  m_GameObject: {fileID: 102278}
  m_Mesh: {fileID: 4300046, guid: e6fec471c20b9d148b1f87910e67bea4, type: 3}
--- !u!33 &3352558
MeshFilter:
  m_ObjectHideFlags: 1
  m_PrefabParentObject: {fileID: 0}
  m_PrefabInternal: {fileID: 100100000}
  m_GameObject: {fileID: 125990}
  m_Mesh: {fileID: 4300030, guid: e6fec471c20b9d148b1f87910e67bea4, type: 3}
--- !u!33 &3388894
MeshFilter:
  m_ObjectHideFlags: 1
  m_PrefabParentObject: {fileID: 0}
  m_PrefabInternal: {fileID: 100100000}
  m_GameObject: {fileID: 123462}
  m_Mesh: {fileID: 4300062, guid: e6fec471c20b9d148b1f87910e67bea4, type: 3}
--- !u!33 &3391234
MeshFilter:
  m_ObjectHideFlags: 1
  m_PrefabParentObject: {fileID: 0}
  m_PrefabInternal: {fileID: 100100000}
  m_GameObject: {fileID: 196848}
  m_Mesh: {fileID: 4300040, guid: e6fec471c20b9d148b1f87910e67bea4, type: 3}
--- !u!33 &3395660
MeshFilter:
  m_ObjectHideFlags: 1
  m_PrefabParentObject: {fileID: 0}
  m_PrefabInternal: {fileID: 100100000}
  m_GameObject: {fileID: 147624}
  m_Mesh: {fileID: 4300032, guid: e6fec471c20b9d148b1f87910e67bea4, type: 3}
--- !u!54 &5432838
Rigidbody:
  m_ObjectHideFlags: 1
  m_PrefabParentObject: {fileID: 0}
  m_PrefabInternal: {fileID: 100100000}
  m_GameObject: {fileID: 119642}
  serializedVersion: 2
  m_Mass: 500
  m_Drag: .100000001
  m_AngularDrag: .0500000007
  m_UseGravity: 1
  m_IsKinematic: 0
  m_Interpolate: 0
  m_Constraints: 0
  m_CollisionDetection: 0
--- !u!65 &6590832
BoxCollider:
  m_ObjectHideFlags: 1
  m_PrefabParentObject: {fileID: 0}
  m_PrefabInternal: {fileID: 100100000}
  m_GameObject: {fileID: 119642}
  m_Material: {fileID: 0}
  m_IsTrigger: 0
  m_Enabled: 1
  serializedVersion: 2
  m_Size: {x: 2.78068161, y: 1.48681164, z: 5.00401497}
  m_Center: {x: -.0635318756, y: .880940914, z: -.189304352}
--- !u!82 &8218032
AudioSource:
  m_ObjectHideFlags: 1
  m_PrefabParentObject: {fileID: 0}
  m_PrefabInternal: {fileID: 100100000}
  m_GameObject: {fileID: 161186}
  m_Enabled: 1
  serializedVersion: 4
  OutputAudioMixerGroup: {fileID: 0}
  m_audioClip: {fileID: 8300000, guid: bd9566abdbf08834281bfb4ea8b92a5d, type: 3}
  m_PlayOnAwake: 0
  m_Volume: 1
  m_Pitch: 1
  Loop: 0
  Mute: 0
  Priority: 128
  DopplerLevel: 1
  MinDistance: 1
  MaxDistance: 500
  Pan2D: 0
  rolloffMode: 0
  BypassEffects: 0
  BypassListenerEffects: 0
  BypassReverbZones: 0
  rolloffCustomCurve:
    serializedVersion: 2
    m_Curve:
    - time: 0
      value: 1
      inSlope: 0
      outSlope: 0
      tangentMode: 0
    - time: 1
      value: 0
      inSlope: 0
      outSlope: 0
      tangentMode: 0
    m_PreInfinity: 2
    m_PostInfinity: 2
  panLevelCustomCurve:
    serializedVersion: 2
    m_Curve:
    - time: 0
      value: 1
      inSlope: 0
      outSlope: 0
      tangentMode: 0
    m_PreInfinity: 2
    m_PostInfinity: 2
  spreadCustomCurve:
    serializedVersion: 2
    m_Curve:
    - time: 0
      value: 0
      inSlope: 0
      outSlope: 0
      tangentMode: 0
    m_PreInfinity: 2
    m_PostInfinity: 2
  reverbZoneMixCustomCurve:
    serializedVersion: 2
    m_Curve:
    - time: 0
      value: 1
      inSlope: 0
      outSlope: 0
      tangentMode: 0
    m_PreInfinity: 2
    m_PostInfinity: 2
--- !u!82 &8248388
AudioSource:
  m_ObjectHideFlags: 1
  m_PrefabParentObject: {fileID: 0}
  m_PrefabInternal: {fileID: 100100000}
  m_GameObject: {fileID: 173310}
  m_Enabled: 1
  serializedVersion: 4
  OutputAudioMixerGroup: {fileID: 0}
  m_audioClip: {fileID: 8300000, guid: bd9566abdbf08834281bfb4ea8b92a5d, type: 3}
  m_PlayOnAwake: 0
  m_Volume: 1
  m_Pitch: 1
  Loop: 0
  Mute: 0
  Priority: 128
  DopplerLevel: 1
  MinDistance: 1
  MaxDistance: 500
  Pan2D: 0
  rolloffMode: 0
  BypassEffects: 0
  BypassListenerEffects: 0
  BypassReverbZones: 0
  rolloffCustomCurve:
    serializedVersion: 2
    m_Curve:
    - time: 0
      value: 1
      inSlope: 0
      outSlope: 0
      tangentMode: 0
    - time: 1
      value: 0
      inSlope: 0
      outSlope: 0
      tangentMode: 0
    m_PreInfinity: 2
    m_PostInfinity: 2
  panLevelCustomCurve:
    serializedVersion: 2
    m_Curve:
    - time: 0
      value: 1
      inSlope: 0
      outSlope: 0
      tangentMode: 0
    m_PreInfinity: 2
    m_PostInfinity: 2
  spreadCustomCurve:
    serializedVersion: 2
    m_Curve:
    - time: 0
      value: 0
      inSlope: 0
      outSlope: 0
      tangentMode: 0
    m_PreInfinity: 2
    m_PostInfinity: 2
  reverbZoneMixCustomCurve:
    serializedVersion: 2
    m_Curve:
    - time: 0
      value: 1
      inSlope: 0
      outSlope: 0
      tangentMode: 0
    m_PreInfinity: 2
    m_PostInfinity: 2
--- !u!82 &8255258
AudioSource:
  m_ObjectHideFlags: 1
  m_PrefabParentObject: {fileID: 0}
  m_PrefabInternal: {fileID: 100100000}
  m_GameObject: {fileID: 144722}
  m_Enabled: 1
  serializedVersion: 4
  OutputAudioMixerGroup: {fileID: 0}
  m_audioClip: {fileID: 8300000, guid: bd9566abdbf08834281bfb4ea8b92a5d, type: 3}
  m_PlayOnAwake: 0
  m_Volume: 1
  m_Pitch: 1
  Loop: 0
  Mute: 0
  Priority: 128
  DopplerLevel: 1
  MinDistance: 1
  MaxDistance: 500
  Pan2D: 0
  rolloffMode: 0
  BypassEffects: 0
  BypassListenerEffects: 0
  BypassReverbZones: 0
  rolloffCustomCurve:
    serializedVersion: 2
    m_Curve:
    - time: 0
      value: 1
      inSlope: 0
      outSlope: 0
      tangentMode: 0
    - time: 1
      value: 0
      inSlope: 0
      outSlope: 0
      tangentMode: 0
    m_PreInfinity: 2
    m_PostInfinity: 2
  panLevelCustomCurve:
    serializedVersion: 2
    m_Curve:
    - time: 0
      value: 1
      inSlope: 0
      outSlope: 0
      tangentMode: 0
    m_PreInfinity: 2
    m_PostInfinity: 2
  spreadCustomCurve:
    serializedVersion: 2
    m_Curve:
    - time: 0
      value: 0
      inSlope: 0
      outSlope: 0
      tangentMode: 0
    m_PreInfinity: 2
    m_PostInfinity: 2
  reverbZoneMixCustomCurve:
    serializedVersion: 2
    m_Curve:
    - time: 0
      value: 1
      inSlope: 0
      outSlope: 0
      tangentMode: 0
    m_PreInfinity: 2
    m_PostInfinity: 2
--- !u!82 &8296424
AudioSource:
  m_ObjectHideFlags: 1
  m_PrefabParentObject: {fileID: 0}
  m_PrefabInternal: {fileID: 100100000}
  m_GameObject: {fileID: 105086}
  m_Enabled: 1
  serializedVersion: 4
  OutputAudioMixerGroup: {fileID: 0}
  m_audioClip: {fileID: 8300000, guid: bd9566abdbf08834281bfb4ea8b92a5d, type: 3}
  m_PlayOnAwake: 0
  m_Volume: 1
  m_Pitch: 1
  Loop: 0
  Mute: 0
  Priority: 128
  DopplerLevel: 1
  MinDistance: 1
  MaxDistance: 500
  Pan2D: 0
  rolloffMode: 0
  BypassEffects: 0
  BypassListenerEffects: 0
  BypassReverbZones: 0
  rolloffCustomCurve:
    serializedVersion: 2
    m_Curve:
    - time: 0
      value: 1
      inSlope: 0
      outSlope: 0
      tangentMode: 0
    - time: 1
      value: 0
      inSlope: 0
      outSlope: 0
      tangentMode: 0
    m_PreInfinity: 2
    m_PostInfinity: 2
  panLevelCustomCurve:
    serializedVersion: 2
    m_Curve:
    - time: 0
      value: 1
      inSlope: 0
      outSlope: 0
      tangentMode: 0
    m_PreInfinity: 2
    m_PostInfinity: 2
  spreadCustomCurve:
    serializedVersion: 2
    m_Curve:
    - time: 0
      value: 0
      inSlope: 0
      outSlope: 0
      tangentMode: 0
    m_PreInfinity: 2
    m_PostInfinity: 2
  reverbZoneMixCustomCurve:
    serializedVersion: 2
    m_Curve:
    - time: 0
      value: 1
      inSlope: 0
      outSlope: 0
      tangentMode: 0
    m_PreInfinity: 2
    m_PostInfinity: 2
--- !u!108 &10848800
Light:
  m_ObjectHideFlags: 1
  m_PrefabParentObject: {fileID: 0}
  m_PrefabInternal: {fileID: 100100000}
  m_GameObject: {fileID: 179430}
  m_Enabled: 1
  serializedVersion: 6
  m_Type: 0
  m_Color: {r: .9607445, g: .942041516, b: .970588207, a: 1}
  m_Intensity: 4
  m_Range: 10
  m_SpotAngle: 90
  m_CookieSize: 10
  m_Shadows:
    m_Type: 0
    m_Resolution: 2
    m_Strength: .600000024
    m_Bias: .00999999978
    m_NormalBias: .400000006
  m_Cookie: {fileID: 2800000, guid: 2c29c08dd1c0b6749b7cd0fcff7a29fd, type: 3}
  m_DrawHalo: 0
  m_Flare: {fileID: 0}
  m_RenderMode: 1
  m_CullingMask:
    serializedVersion: 2
    m_Bits: 4294967039
  m_Lightmapping: 4
  m_BounceIntensity: 1
  m_ShadowRadius: 0
  m_ShadowAngle: 0
  m_AreaSize: {x: 1, y: 1}
--- !u!108 &10895674
Light:
  m_ObjectHideFlags: 1
  m_PrefabParentObject: {fileID: 0}
  m_PrefabInternal: {fileID: 100100000}
  m_GameObject: {fileID: 154240}
  m_Enabled: 1
  serializedVersion: 6
  m_Type: 0
  m_Color: {r: .9607445, g: .942041516, b: .970588207, a: 1}
  m_Intensity: 4
  m_Range: 10
  m_SpotAngle: 90
  m_CookieSize: 10
  m_Shadows:
    m_Type: 0
    m_Resolution: 2
    m_Strength: .600000024
    m_Bias: .00999999978
    m_NormalBias: .400000006
  m_Cookie: {fileID: 2800000, guid: 2c29c08dd1c0b6749b7cd0fcff7a29fd, type: 3}
  m_DrawHalo: 0
  m_Flare: {fileID: 0}
  m_RenderMode: 1
  m_CullingMask:
    serializedVersion: 2
    m_Bits: 4294967039
  m_Lightmapping: 4
  m_BounceIntensity: 1
  m_ShadowRadius: 0
  m_ShadowAngle: 0
  m_AreaSize: {x: 1, y: 1}
--- !u!114 &11413946
MonoBehaviour:
  m_ObjectHideFlags: 1
  m_PrefabParentObject: {fileID: 0}
  m_PrefabInternal: {fileID: 100100000}
  m_GameObject: {fileID: 119642}
  m_Enabled: 1
  m_EditorHideFlags: 0
  m_Script: {fileID: 11500000, guid: 96468c245ae8e0d4f8f1c7a7b8b0542e, type: 3}
  m_Name: 
  m_EditorClassIdentifier: 
--- !u!114 &11414930
MonoBehaviour:
  m_ObjectHideFlags: 1
  m_PrefabParentObject: {fileID: 0}
  m_PrefabInternal: {fileID: 100100000}
  m_GameObject: {fileID: 121228}
  m_Enabled: 1
  m_EditorHideFlags: 0
  m_Script: {fileID: 11500000, guid: 459cec5b068041e44a60a6e3b6abb0eb, type: 3}
  m_Name: 
  m_EditorClassIdentifier: 
  carController: {fileID: 11478396}
--- !u!114 &11421682
MonoBehaviour:
  m_ObjectHideFlags: 1
  m_PrefabParentObject: {fileID: 0}
  m_PrefabInternal: {fileID: 100100000}
  m_GameObject: {fileID: 105086}
  m_Enabled: 1
  m_EditorHideFlags: 0
  m_Script: {fileID: 11500000, guid: c62479c3465024b48b42983b1b2eeaaf, type: 3}
  m_Name: 
  m_EditorClassIdentifier: 
  SkidTrailPrefab: {fileID: 400000, guid: 4b6aa99de5d21424eab6ae279f31475b, type: 2}
  skidParticles: {fileID: 0}
--- !u!114 &11436312
MonoBehaviour:
  m_ObjectHideFlags: 1
  m_PrefabParentObject: {fileID: 0}
  m_PrefabInternal: {fileID: 100100000}
  m_GameObject: {fileID: 161186}
  m_Enabled: 1
  m_EditorHideFlags: 0
  m_Script: {fileID: 11500000, guid: c62479c3465024b48b42983b1b2eeaaf, type: 3}
  m_Name: 
  m_EditorClassIdentifier: 
  SkidTrailPrefab: {fileID: 400000, guid: 4b6aa99de5d21424eab6ae279f31475b, type: 2}
  skidParticles: {fileID: 0}
--- !u!114 &11446004
MonoBehaviour:
  m_ObjectHideFlags: 1
  m_PrefabParentObject: {fileID: 0}
  m_PrefabInternal: {fileID: 100100000}
  m_GameObject: {fileID: 102548}
  m_Enabled: 1
  m_EditorHideFlags: 0
  m_Script: {fileID: 11500000, guid: 9ec1e45165d1f2544bff59f5a80db8ab, type: 3}
  m_Name: 
  m_EditorClassIdentifier: 
  wheel: {fileID: 102278}
--- !u!114 &11447864
MonoBehaviour:
  m_ObjectHideFlags: 1
  m_PrefabParentObject: {fileID: 0}
  m_PrefabInternal: {fileID: 100100000}
  m_GameObject: {fileID: 173310}
  m_Enabled: 1
  m_EditorHideFlags: 0
  m_Script: {fileID: 11500000, guid: c62479c3465024b48b42983b1b2eeaaf, type: 3}
  m_Name: 
  m_EditorClassIdentifier: 
  SkidTrailPrefab: {fileID: 400000, guid: 4b6aa99de5d21424eab6ae279f31475b, type: 2}
  skidParticles: {fileID: 0}
--- !u!114 &11465120
MonoBehaviour:
  m_ObjectHideFlags: 1
  m_PrefabParentObject: {fileID: 0}
  m_PrefabInternal: {fileID: 100100000}
  m_GameObject: {fileID: 119642}
  m_Enabled: 1
  m_EditorHideFlags: 0
  m_Script: {fileID: 11500000, guid: b7a190fd3805e4845acf0c531f8d2f1e, type: 3}
  m_Name: 
  m_EditorClassIdentifier: 
--- !u!114 &11467236
MonoBehaviour:
  m_ObjectHideFlags: 1
  m_PrefabParentObject: {fileID: 0}
  m_PrefabInternal: {fileID: 100100000}
  m_GameObject: {fileID: 102548}
  m_Enabled: 1
  m_EditorHideFlags: 0
  m_Script: {fileID: 11500000, guid: 459cec5b068041e44a60a6e3b6abb0eb, type: 3}
  m_Name: 
  m_EditorClassIdentifier: 
  carController: {fileID: 11478396}
--- !u!114 &11474828
MonoBehaviour:
  m_ObjectHideFlags: 1
  m_PrefabParentObject: {fileID: 0}
  m_PrefabInternal: {fileID: 100100000}
  m_GameObject: {fileID: 121228}
  m_Enabled: 1
  m_EditorHideFlags: 0
  m_Script: {fileID: 11500000, guid: 9ec1e45165d1f2544bff59f5a80db8ab, type: 3}
  m_Name: 
  m_EditorClassIdentifier: 
  wheel: {fileID: 188694}
--- !u!114 &11478396
MonoBehaviour:
  m_ObjectHideFlags: 1
  m_PrefabParentObject: {fileID: 0}
  m_PrefabInternal: {fileID: 100100000}
  m_GameObject: {fileID: 119642}
  m_Enabled: 1
  m_EditorHideFlags: 0
  m_Script: {fileID: 11500000, guid: 3ea65b38d485c374caa584a03f1de571, type: 3}
  m_Name: 
  m_EditorClassIdentifier: 
  m_CarDriveType: 2
  m_WheelColliders:
  - {fileID: 14605852}
  - {fileID: 14681592}
  - {fileID: 14692660}
  - {fileID: 14646850}
  m_WheelMeshes:
  - {fileID: 102278}
  - {fileID: 188694}
  - {fileID: 147624}
  - {fileID: 125990}
  m_WheelEffects:
  - {fileID: 11484290}
  - {fileID: 11421682}
  - {fileID: 11436312}
  - {fileID: 11447864}
  m_CentreOfMassOffset: {x: 0, y: 0, z: 0}
  m_MaximumSteerAngle: 25
  m_SteerHelper: .643999994
  m_TractionControl: 1
  m_FullTorqueOverAllWheels: 2500
  m_ReverseTorque: 500
  m_MaxHandbrakeTorque: 1e+08
  m_Downforce: 100
  m_SpeedType: 0
  m_Topspeed: 150
  m_RevRangeBoundary: 1
  m_SlipLimit: .300000012
  m_BrakeTorque: 20000
--- !u!114 &11484290
MonoBehaviour:
  m_ObjectHideFlags: 1
  m_PrefabParentObject: {fileID: 0}
  m_PrefabInternal: {fileID: 100100000}
  m_GameObject: {fileID: 144722}
  m_Enabled: 1
  m_EditorHideFlags: 0
  m_Script: {fileID: 11500000, guid: c62479c3465024b48b42983b1b2eeaaf, type: 3}
  m_Name: 
  m_EditorClassIdentifier: 
  SkidTrailPrefab: {fileID: 400000, guid: 4b6aa99de5d21424eab6ae279f31475b, type: 2}
  skidParticles: {fileID: 0}
--- !u!114 &11495930
MonoBehaviour:
  m_ObjectHideFlags: 1
  m_PrefabParentObject: {fileID: 0}
  m_PrefabInternal: {fileID: 100100000}
  m_GameObject: {fileID: 120136}
  m_Enabled: 1
  m_EditorHideFlags: 0
  m_Script: {fileID: 11500000, guid: fffafd711dc1dbc478a49705cfe1ce3d, type: 3}
  m_Name: 
  m_EditorClassIdentifier: 
  car: {fileID: 11478396}
--- !u!146 &14605852
WheelCollider:
  m_ObjectHideFlags: 1
  m_PrefabParentObject: {fileID: 0}
  m_PrefabInternal: {fileID: 100100000}
  m_GameObject: {fileID: 144722}
  m_Center: {x: 0, y: 0, z: 0}
  m_Radius: .335000008
  m_SuspensionSpring:
    spring: 70000
    damper: 3500
    targetPosition: .100000001
  m_SuspensionDistance: .200000003
  m_ForceAppPointDistance: .100000001
  m_Mass: 20
  m_WheelDampingRate: .25
  m_ForwardFriction:
    m_ExtremumSlip: .400000006
    m_ExtremumValue: 1
    m_AsymptoteSlip: .800000012
    m_AsymptoteValue: .5
    m_Stiffness: 1
  m_SidewaysFriction:
    m_ExtremumSlip: .200000003
    m_ExtremumValue: 1
    m_AsymptoteSlip: .5
    m_AsymptoteValue: .75
    m_Stiffness: 1
  m_Enabled: 1
--- !u!146 &14646850
WheelCollider:
  m_ObjectHideFlags: 1
  m_PrefabParentObject: {fileID: 0}
  m_PrefabInternal: {fileID: 100100000}
  m_GameObject: {fileID: 173310}
  m_Center: {x: 0, y: 0, z: 0}
  m_Radius: .370000005
  m_SuspensionSpring:
    spring: 70000
    damper: 3500
    targetPosition: .100000001
  m_SuspensionDistance: .200000003
  m_ForceAppPointDistance: .100000001
  m_Mass: 20
  m_WheelDampingRate: .25
  m_ForwardFriction:
    m_ExtremumSlip: .400000006
    m_ExtremumValue: 1
    m_AsymptoteSlip: .800000012
    m_AsymptoteValue: .5
    m_Stiffness: 1
  m_SidewaysFriction:
    m_ExtremumSlip: .200000003
    m_ExtremumValue: 1
    m_AsymptoteSlip: .5
    m_AsymptoteValue: .75
    m_Stiffness: 1
  m_Enabled: 1
--- !u!146 &14681592
WheelCollider:
  m_ObjectHideFlags: 1
  m_PrefabParentObject: {fileID: 0}
  m_PrefabInternal: {fileID: 100100000}
  m_GameObject: {fileID: 105086}
  m_Center: {x: 0, y: 0, z: 0}
  m_Radius: .335000008
  m_SuspensionSpring:
    spring: 70000
    damper: 3500
    targetPosition: .100000001
  m_SuspensionDistance: .200000003
  m_ForceAppPointDistance: .100000001
  m_Mass: 20
  m_WheelDampingRate: .25
  m_ForwardFriction:
    m_ExtremumSlip: .400000006
    m_ExtremumValue: 1
    m_AsymptoteSlip: .800000012
    m_AsymptoteValue: .5
    m_Stiffness: 1
  m_SidewaysFriction:
    m_ExtremumSlip: .200000003
    m_ExtremumValue: 1
    m_AsymptoteSlip: .5
    m_AsymptoteValue: .75
    m_Stiffness: 1
  m_Enabled: 1
--- !u!146 &14692660
WheelCollider:
  m_ObjectHideFlags: 1
  m_PrefabParentObject: {fileID: 0}
  m_PrefabInternal: {fileID: 100100000}
  m_GameObject: {fileID: 161186}
  m_Center: {x: 0, y: 0, z: 0}
  m_Radius: .370000005
  m_SuspensionSpring:
    spring: 70000
    damper: 3500
    targetPosition: .100000001
  m_SuspensionDistance: .200000003
  m_ForceAppPointDistance: .100000001
  m_Mass: 20
  m_WheelDampingRate: .25
  m_ForwardFriction:
    m_ExtremumSlip: .400000006
    m_ExtremumValue: 1
    m_AsymptoteSlip: .800000012
    m_AsymptoteValue: .5
    m_Stiffness: 1
  m_SidewaysFriction:
    m_ExtremumSlip: .200000003
    m_ExtremumValue: 1
    m_AsymptoteSlip: .5
    m_AsymptoteValue: .75
    m_Stiffness: 1
  m_Enabled: 1
--- !u!198 &19801134
ParticleSystem:
  m_ObjectHideFlags: 1
  m_PrefabParentObject: {fileID: 0}
  m_PrefabInternal: {fileID: 100100000}
  m_GameObject: {fileID: 190070}
  lengthInSec: 5
  startDelay: 0
  speed: 1
  randomSeed: 0
  looping: 1
  prewarm: 0
  playOnAwake: 1
  moveWithTransform: 0
  InitialModule:
    enabled: 1
    startLifetime:
      scalar: 5
      maxCurve:
        serializedVersion: 2
        m_Curve:
        - time: 0
          value: 1
          inSlope: 0
          outSlope: 0
          tangentMode: 0
        m_PreInfinity: 2
        m_PostInfinity: 2
      minCurve:
        serializedVersion: 2
        m_Curve:
        - time: 0
          value: .600000024
          inSlope: 0
          outSlope: 0
          tangentMode: 0
        m_PreInfinity: 2
        m_PostInfinity: 2
      minMaxState: 3
    startSpeed:
      scalar: 4
      maxCurve:
        serializedVersion: 2
        m_Curve:
        - time: 0
          value: 1
          inSlope: 0
          outSlope: 0
          tangentMode: 0
        m_PreInfinity: 2
        m_PostInfinity: 2
      minCurve:
        serializedVersion: 2
        m_Curve:
        - time: 0
          value: .5
          inSlope: 0
          outSlope: 0
          tangentMode: 0
        m_PreInfinity: 2
        m_PostInfinity: 2
      minMaxState: 3
    startColor:
      maxGradient:
        key0:
          serializedVersion: 2
          rgba: 4294967295
        key1:
          serializedVersion: 2
          rgba: 4294967295
        key2:
          serializedVersion: 2
          rgba: 0
        key3:
          serializedVersion: 2
          rgba: 0
        key4:
          serializedVersion: 2
          rgba: 0
        key5:
          serializedVersion: 2
          rgba: 0
        key6:
          serializedVersion: 2
          rgba: 0
        key7:
          serializedVersion: 2
          rgba: 0
        ctime0: 0
        ctime1: 65535
        ctime2: 0
        ctime3: 0
        ctime4: 0
        ctime5: 0
        ctime6: 0
        ctime7: 0
        atime0: 0
        atime1: 65535
        atime2: 0
        atime3: 0
        atime4: 0
        atime5: 0
        atime6: 0
        atime7: 0
        m_NumColorKeys: 2
        m_NumAlphaKeys: 2
      minGradient:
        key0:
          serializedVersion: 2
          rgba: 4294967295
        key1:
          serializedVersion: 2
          rgba: 4294967295
        key2:
          serializedVersion: 2
          rgba: 0
        key3:
          serializedVersion: 2
          rgba: 0
        key4:
          serializedVersion: 2
          rgba: 0
        key5:
          serializedVersion: 2
          rgba: 0
        key6:
          serializedVersion: 2
          rgba: 0
        key7:
          serializedVersion: 2
          rgba: 0
        ctime0: 0
        ctime1: 65535
        ctime2: 0
        ctime3: 0
        ctime4: 0
        ctime5: 0
        ctime6: 0
        ctime7: 0
        atime0: 0
        atime1: 65535
        atime2: 0
        atime3: 0
        atime4: 0
        atime5: 0
        atime6: 0
        atime7: 0
        m_NumColorKeys: 2
        m_NumAlphaKeys: 2
      minColor:
        serializedVersion: 2
        rgba: 4278716424
      maxColor:
        serializedVersion: 2
        rgba: 4278321666
      minMaxState: 2
    startSize:
      scalar: 3
      maxCurve:
        serializedVersion: 2
        m_Curve:
        - time: 0
          value: 1
          inSlope: 0
          outSlope: 0
          tangentMode: 0
        m_PreInfinity: 2
        m_PostInfinity: 2
      minCurve:
        serializedVersion: 2
        m_Curve:
        - time: 0
          value: .666666687
          inSlope: 0
          outSlope: 0
          tangentMode: 0
        m_PreInfinity: 2
        m_PostInfinity: 2
      minMaxState: 3
    startRotation:
      scalar: 3.1415925
      maxCurve:
        serializedVersion: 2
        m_Curve:
        - time: 0
          value: 1
          inSlope: 0
          outSlope: 0
          tangentMode: 0
        m_PreInfinity: 2
        m_PostInfinity: 2
      minCurve:
        serializedVersion: 2
        m_Curve:
        - time: 0
          value: -1
          inSlope: 0
          outSlope: 0
          tangentMode: 0
        m_PreInfinity: 2
        m_PostInfinity: 2
      minMaxState: 3
    gravityModifier: -.0199999996
    inheritVelocity: 0
    maxNumParticles: 90
  ShapeModule:
    serializedVersion: 2
    enabled: 1
    type: 4
    radius: .100000001
    angle: 5
    length: 5
    boxX: 1
    boxY: 1
    boxZ: 1
    arc: 360
    placementMode: 0
    m_Mesh: {fileID: 0}
    randomDirection: 0
  EmissionModule:
    enabled: 1
    m_Type: 0
    rate:
      scalar: 10
      maxCurve:
        serializedVersion: 2
        m_Curve:
        - time: 0
          value: 1
          inSlope: 0
          outSlope: 0
          tangentMode: 0
        m_PreInfinity: 2
        m_PostInfinity: 2
      minCurve:
        serializedVersion: 2
        m_Curve:
        - time: 0
          value: 0
          inSlope: 0
          outSlope: 0
          tangentMode: 0
        - time: 1
          value: 0
          inSlope: 0
          outSlope: 0
          tangentMode: 0
        m_PreInfinity: 2
        m_PostInfinity: 2
      minMaxState: 0
    cnt0: 30
    cnt1: 30
    cnt2: 30
    cnt3: 30
    time0: 0
    time1: 0
    time2: 0
    time3: 0
    m_BurstCount: 0
  SizeModule:
    enabled: 1
    curve:
      scalar: 4
      maxCurve:
        serializedVersion: 2
        m_Curve:
        - time: .0699097738
          value: .0649300516
          inSlope: -.321952075
          outSlope: -.321952075
          tangentMode: 0
        - time: .98881948
          value: .991803288
          inSlope: 0
          outSlope: 0
          tangentMode: 0
        m_PreInfinity: 2
        m_PostInfinity: 2
      minCurve:
        serializedVersion: 2
        m_Curve:
        - time: 0
          value: 0
          inSlope: 0
          outSlope: 0
          tangentMode: 0
        - time: 1
          value: 0
          inSlope: 0
          outSlope: 0
          tangentMode: 0
        m_PreInfinity: 2
        m_PostInfinity: 2
      minMaxState: 1
  RotationModule:
    enabled: 1
    curve:
      scalar: 3.1415925
      maxCurve:
        serializedVersion: 2
        m_Curve:
        - time: 0
          value: 1
          inSlope: 0
          outSlope: 0
          tangentMode: 0
        - time: 1
          value: .10364145
          inSlope: 0
          outSlope: 0
          tangentMode: 0
        m_PreInfinity: 2
        m_PostInfinity: 2
      minCurve:
        serializedVersion: 2
        m_Curve:
        - time: 0
          value: -1
          inSlope: 0
          outSlope: 0
          tangentMode: 0
        - time: 1
          value: -.120448172
          inSlope: 0
          outSlope: 0
          tangentMode: 0
        m_PreInfinity: 2
        m_PostInfinity: 2
      minMaxState: 2
  ColorModule:
    enabled: 1
    gradient:
      maxGradient:
        key0:
          serializedVersion: 2
          rgba: 16777215
        key1:
          serializedVersion: 2
          rgba: 4294950360
        key2:
          serializedVersion: 2
          rgba: 4294967295
        key3:
          serializedVersion: 2
          rgba: 0
        key4:
          serializedVersion: 2
          rgba: 0
        key5:
          serializedVersion: 2
          rgba: 0
        key6:
          serializedVersion: 2
          rgba: 0
        key7:
          serializedVersion: 2
          rgba: 0
        ctime0: 0
        ctime1: 6939
        ctime2: 65535
        ctime3: 0
        ctime4: 0
        ctime5: 0
        ctime6: 0
        ctime7: 0
        atime0: 0
        atime1: 18119
        atime2: 40478
        atime3: 65535
        atime4: 0
        atime5: 0
        atime6: 0
        atime7: 0
        m_NumColorKeys: 3
        m_NumAlphaKeys: 4
      minGradient:
        key0:
          serializedVersion: 2
          rgba: 4294967295
        key1:
          serializedVersion: 2
          rgba: 4294967295
        key2:
          serializedVersion: 2
          rgba: 0
        key3:
          serializedVersion: 2
          rgba: 0
        key4:
          serializedVersion: 2
          rgba: 0
        key5:
          serializedVersion: 2
          rgba: 0
        key6:
          serializedVersion: 2
          rgba: 0
        key7:
          serializedVersion: 2
          rgba: 0
        ctime0: 0
        ctime1: 65535
        ctime2: 0
        ctime3: 0
        ctime4: 0
        ctime5: 0
        ctime6: 0
        ctime7: 0
        atime0: 0
        atime1: 65535
        atime2: 0
        atime3: 0
        atime4: 0
        atime5: 0
        atime6: 0
        atime7: 0
        m_NumColorKeys: 2
        m_NumAlphaKeys: 2
      minColor:
        serializedVersion: 2
        rgba: 4294967295
      maxColor:
        serializedVersion: 2
        rgba: 4294967295
      minMaxState: 1
  UVModule:
    enabled: 0
    frameOverTime:
      scalar: 1
      maxCurve:
        serializedVersion: 2
        m_Curve:
        - time: 0
          value: 1
          inSlope: 0
          outSlope: 0
          tangentMode: 0
        m_PreInfinity: 2
        m_PostInfinity: 2
      minCurve:
        serializedVersion: 2
        m_Curve:
        - time: 0
          value: .5
          inSlope: 0
          outSlope: 0
          tangentMode: 0
        m_PreInfinity: 2
        m_PostInfinity: 2
      minMaxState: 0
    tilesX: 1
    tilesY: 4
    animationType: 1
    rowIndex: 0
    cycles: 1
    randomRow: 1
  VelocityModule:
    enabled: 0
    x:
      scalar: 1
      maxCurve:
        serializedVersion: 2
        m_Curve:
        - time: 0
          value: 0
          inSlope: 0
          outSlope: 0
          tangentMode: 0
        m_PreInfinity: 2
        m_PostInfinity: 2
      minCurve:
        serializedVersion: 2
        m_Curve:
        - time: 0
          value: 0
          inSlope: 0
          outSlope: 0
          tangentMode: 0
        - time: 1
          value: 0
          inSlope: 0
          outSlope: 0
          tangentMode: 0
        m_PreInfinity: 2
        m_PostInfinity: 2
      minMaxState: 1
    y:
      scalar: 0
      maxCurve:
        serializedVersion: 2
        m_Curve:
        - time: .00227272697
          value: 1
          inSlope: -6.12718916
          outSlope: -6.12718916
          tangentMode: 0
        - time: .219911218
          value: .302271873
          inSlope: -.82989186
          outSlope: -.82989186
          tangentMode: 0
        - time: 1
          value: .0278725624
          inSlope: 0
          outSlope: 0
          tangentMode: 0
        m_PreInfinity: 2
        m_PostInfinity: 2
      minCurve:
        serializedVersion: 2
        m_Curve:
        - time: 0
          value: 0
          inSlope: 0
          outSlope: 0
          tangentMode: 0
        - time: 1
          value: 0
          inSlope: 0
          outSlope: 0
          tangentMode: 0
        m_PreInfinity: 2
        m_PostInfinity: 2
      minMaxState: 1
    z:
      scalar: 1
      maxCurve:
        serializedVersion: 2
        m_Curve:
        - time: 0
          value: 0
          inSlope: 0
          outSlope: 0
          tangentMode: 0
        m_PreInfinity: 2
        m_PostInfinity: 2
      minCurve:
        serializedVersion: 2
        m_Curve:
        - time: 0
          value: 0
          inSlope: 0
          outSlope: 0
          tangentMode: 0
        - time: 1
          value: 0
          inSlope: 0
          outSlope: 0
          tangentMode: 0
        m_PreInfinity: 2
        m_PostInfinity: 2
      minMaxState: 1
    inWorldSpace: 0
  ForceModule:
    enabled: 0
    x:
      scalar: 0
      maxCurve:
        serializedVersion: 2
        m_Curve:
        - time: 0
          value: 1
          inSlope: 0
          outSlope: 0
          tangentMode: 0
        - time: 1
          value: 1
          inSlope: 0
          outSlope: 0
          tangentMode: 0
        m_PreInfinity: 2
        m_PostInfinity: 2
      minCurve:
        serializedVersion: 2
        m_Curve:
        - time: 0
          value: 0
          inSlope: 0
          outSlope: 0
          tangentMode: 0
        - time: 1
          value: 0
          inSlope: 0
          outSlope: 0
          tangentMode: 0
        m_PreInfinity: 2
        m_PostInfinity: 2
      minMaxState: 0
    y:
      scalar: 0
      maxCurve:
        serializedVersion: 2
        m_Curve:
        - time: 0
          value: 1
          inSlope: 0
          outSlope: 0
          tangentMode: 0
        - time: 1
          value: 1
          inSlope: 0
          outSlope: 0
          tangentMode: 0
        m_PreInfinity: 2
        m_PostInfinity: 2
      minCurve:
        serializedVersion: 2
        m_Curve:
        - time: 0
          value: 0
          inSlope: 0
          outSlope: 0
          tangentMode: 0
        - time: 1
          value: 0
          inSlope: 0
          outSlope: 0
          tangentMode: 0
        m_PreInfinity: 2
        m_PostInfinity: 2
      minMaxState: 0
    z:
      scalar: -.200000003
      maxCurve:
        serializedVersion: 2
        m_Curve:
        - time: 0
          value: 1
          inSlope: 0
          outSlope: 0
          tangentMode: 0
        - time: 1
          value: 1
          inSlope: 0
          outSlope: 0
          tangentMode: 0
        m_PreInfinity: 2
        m_PostInfinity: 2
      minCurve:
        serializedVersion: 2
        m_Curve:
        - time: 0
          value: 0
          inSlope: 0
          outSlope: 0
          tangentMode: 0
        - time: 1
          value: 0
          inSlope: 0
          outSlope: 0
          tangentMode: 0
        m_PreInfinity: 2
        m_PostInfinity: 2
      minMaxState: 0
    inWorldSpace: 1
    randomizePerFrame: 0
  ExternalForcesModule:
    enabled: 0
    multiplier: 1
  ClampVelocityModule:
    enabled: 0
    x:
      scalar: 1
      maxCurve:
        serializedVersion: 2
        m_Curve:
        - time: 0
          value: 1
          inSlope: 0
          outSlope: 0
          tangentMode: 0
        - time: 1
          value: 1
          inSlope: 0
          outSlope: 0
          tangentMode: 0
        m_PreInfinity: 2
        m_PostInfinity: 2
      minCurve:
        serializedVersion: 2
        m_Curve:
        - time: 0
          value: 0
          inSlope: 0
          outSlope: 0
          tangentMode: 0
        - time: 1
          value: 0
          inSlope: 0
          outSlope: 0
          tangentMode: 0
        m_PreInfinity: 2
        m_PostInfinity: 2
      minMaxState: 0
    y:
      scalar: 1
      maxCurve:
        serializedVersion: 2
        m_Curve:
        - time: 0
          value: 1
          inSlope: 0
          outSlope: 0
          tangentMode: 0
        - time: 1
          value: 1
          inSlope: 0
          outSlope: 0
          tangentMode: 0
        m_PreInfinity: 2
        m_PostInfinity: 2
      minCurve:
        serializedVersion: 2
        m_Curve:
        - time: 0
          value: 0
          inSlope: 0
          outSlope: 0
          tangentMode: 0
        - time: 1
          value: 0
          inSlope: 0
          outSlope: 0
          tangentMode: 0
        m_PreInfinity: 2
        m_PostInfinity: 2
      minMaxState: 0
    z:
      scalar: 1
      maxCurve:
        serializedVersion: 2
        m_Curve:
        - time: 0
          value: 1
          inSlope: 0
          outSlope: 0
          tangentMode: 0
        - time: 1
          value: 1
          inSlope: 0
          outSlope: 0
          tangentMode: 0
        m_PreInfinity: 2
        m_PostInfinity: 2
      minCurve:
        serializedVersion: 2
        m_Curve:
        - time: 0
          value: 0
          inSlope: 0
          outSlope: 0
          tangentMode: 0
        - time: 1
          value: 0
          inSlope: 0
          outSlope: 0
          tangentMode: 0
        m_PreInfinity: 2
        m_PostInfinity: 2
      minMaxState: 0
    magnitude:
      scalar: 1
      maxCurve:
        serializedVersion: 2
        m_Curve:
        - time: 0
          value: 1
          inSlope: 0
          outSlope: 0
          tangentMode: 0
        - time: 1
          value: 1
          inSlope: 0
          outSlope: 0
          tangentMode: 0
        m_PreInfinity: 2
        m_PostInfinity: 2
      minCurve:
        serializedVersion: 2
        m_Curve:
        - time: 0
          value: 0
          inSlope: 0
          outSlope: 0
          tangentMode: 0
        - time: 1
          value: 0
          inSlope: 0
          outSlope: 0
          tangentMode: 0
        m_PreInfinity: 2
        m_PostInfinity: 2
      minMaxState: 0
    separateAxis: 0
    inWorldSpace: 0
    dampen: 1
  SizeBySpeedModule:
    enabled: 0
    curve:
      scalar: 1
      maxCurve:
        serializedVersion: 2
        m_Curve:
        - time: 0
          value: 1
          inSlope: 0
          outSlope: 0
          tangentMode: 0
        - time: 1
          value: 1
          inSlope: 0
          outSlope: 0
          tangentMode: 0
        m_PreInfinity: 2
        m_PostInfinity: 2
      minCurve:
        serializedVersion: 2
        m_Curve:
        - time: 0
          value: 0
          inSlope: 0
          outSlope: 0
          tangentMode: 0
        - time: 1
          value: 0
          inSlope: 0
          outSlope: 0
          tangentMode: 0
        m_PreInfinity: 2
        m_PostInfinity: 2
      minMaxState: 1
    range: {x: 0, y: 1}
  RotationBySpeedModule:
    enabled: 0
    curve:
      scalar: .785398126
      maxCurve:
        serializedVersion: 2
        m_Curve:
        - time: 0
          value: 1
          inSlope: 0
          outSlope: 0
          tangentMode: 0
        - time: 1
          value: 1
          inSlope: 0
          outSlope: 0
          tangentMode: 0
        m_PreInfinity: 2
        m_PostInfinity: 2
      minCurve:
        serializedVersion: 2
        m_Curve:
        - time: 0
          value: 0
          inSlope: 0
          outSlope: 0
          tangentMode: 0
        - time: 1
          value: 0
          inSlope: 0
          outSlope: 0
          tangentMode: 0
        m_PreInfinity: 2
        m_PostInfinity: 2
      minMaxState: 0
    range: {x: 0, y: 1}
  ColorBySpeedModule:
    enabled: 0
    gradient:
      maxGradient:
        key0:
          serializedVersion: 2
          rgba: 4294967295
        key1:
          serializedVersion: 2
          rgba: 4294967295
        key2:
          serializedVersion: 2
          rgba: 0
        key3:
          serializedVersion: 2
          rgba: 0
        key4:
          serializedVersion: 2
          rgba: 0
        key5:
          serializedVersion: 2
          rgba: 0
        key6:
          serializedVersion: 2
          rgba: 0
        key7:
          serializedVersion: 2
          rgba: 0
        ctime0: 0
        ctime1: 65535
        ctime2: 0
        ctime3: 0
        ctime4: 0
        ctime5: 0
        ctime6: 0
        ctime7: 0
        atime0: 0
        atime1: 65535
        atime2: 0
        atime3: 0
        atime4: 0
        atime5: 0
        atime6: 0
        atime7: 0
        m_NumColorKeys: 2
        m_NumAlphaKeys: 2
      minGradient:
        key0:
          serializedVersion: 2
          rgba: 4294967295
        key1:
          serializedVersion: 2
          rgba: 4294967295
        key2:
          serializedVersion: 2
          rgba: 0
        key3:
          serializedVersion: 2
          rgba: 0
        key4:
          serializedVersion: 2
          rgba: 0
        key5:
          serializedVersion: 2
          rgba: 0
        key6:
          serializedVersion: 2
          rgba: 0
        key7:
          serializedVersion: 2
          rgba: 0
        ctime0: 0
        ctime1: 65535
        ctime2: 0
        ctime3: 0
        ctime4: 0
        ctime5: 0
        ctime6: 0
        ctime7: 0
        atime0: 0
        atime1: 65535
        atime2: 0
        atime3: 0
        atime4: 0
        atime5: 0
        atime6: 0
        atime7: 0
        m_NumColorKeys: 2
        m_NumAlphaKeys: 2
      minColor:
        serializedVersion: 2
        rgba: 4294967295
      maxColor:
        serializedVersion: 2
        rgba: 4294967295
      minMaxState: 1
    range: {x: 0, y: 1}
  CollisionModule:
    enabled: 0
    type: 1
    plane0: {fileID: 0}
    plane1: {fileID: 0}
    plane2: {fileID: 0}
    plane3: {fileID: 0}
    plane4: {fileID: 0}
    plane5: {fileID: 0}
    dampen: 0
    bounce: .200000003
    energyLossOnCollision: 0
    minKillSpeed: 0
    particleRadius: .00999999978
    collidesWith:
      serializedVersion: 2
      m_Bits: 4294967295
    quality: 2
    voxelSize: .5
    collisionMessages: 0
  SubModule:
    enabled: 0
    subEmitterBirth: {fileID: 0}
    subEmitterBirth1: {fileID: 0}
    subEmitterCollision: {fileID: 0}
    subEmitterCollision1: {fileID: 0}
    subEmitterDeath: {fileID: 0}
    subEmitterDeath1: {fileID: 0}
--- !u!199 &19949822
ParticleSystemRenderer:
  m_ObjectHideFlags: 1
  m_PrefabParentObject: {fileID: 0}
  m_PrefabInternal: {fileID: 100100000}
  m_GameObject: {fileID: 190070}
  m_Enabled: 1
  m_CastShadows: 1
  m_ReceiveShadows: 1
  m_Materials:
  - {fileID: 2100000, guid: c617e7cbee0d2344a9b5e53116c43a2c, type: 2}
  m_SubsetIndices: 
  m_StaticBatchRoot: {fileID: 0}
  m_UseLightProbes: 0
  m_ReflectionProbeUsage: 0
  m_ProbeAnchor: {fileID: 0}
  m_ScaleInLightmap: 1
  m_PreserveUVs: 0
  m_ImportantGI: 0
  m_AutoUVMaxDistance: .5
  m_AutoUVMaxAngle: 89
  m_LightmapParameters: {fileID: 0}
  m_SortingLayerID: 0
  m_SortingOrder: 0
  m_RenderMode: 0
  m_MaxParticleSize: .300000012
  m_CameraVelocityScale: 0
  m_VelocityScale: 1
  m_LengthScale: 1
  m_SortingFudge: 80
  m_NormalDirection: 1
  m_SortMode: 1
  m_Mesh: {fileID: 0}
  m_Mesh1: {fileID: 0}
  m_Mesh2: {fileID: 0}
  m_Mesh3: {fileID: 0}
--- !u!1001 &100100000
Prefab:
  m_ObjectHideFlags: 1
  serializedVersion: 2
  m_Modification:
    m_TransformParent: {fileID: 0}
    m_Modifications:
    - target: {fileID: 0}
      propertyPath: m_Center.x
      value: 0
      objectReference: {fileID: 0}
    - target: {fileID: 0}
      propertyPath: m_Center.y
      value: 0
      objectReference: {fileID: 0}
    - target: {fileID: 0}
      propertyPath: m_Center.z
      value: 0
      objectReference: {fileID: 0}
    - target: {fileID: 0}
      propertyPath: m_Enabled
      value: 0
      objectReference: {fileID: 0}
    - target: {fileID: 0}
      propertyPath: m_TagString
      value: Untagged
      objectReference: {fileID: 0}
    m_RemovedComponents: []
  m_ParentPrefab: {fileID: 0}
  m_RootGameObject: {fileID: 119642}
  m_IsPrefabParent: 1
