%YAML 1.1
%TAG !u! tag:unity3d.com,2011:
--- !u!1 &110954
GameObject:
  m_ObjectHideFlags: 0
  m_PrefabParentObject: {fileID: 0}
  m_PrefabInternal: {fileID: 100100000}
  serializedVersion: 4
  m_Component:
  - 4: {fileID: 498256}
  - 33: {fileID: 3392024}
  - 23: {fileID: 2352574}
  - 54: {fileID: 5443948}
  - 64: {fileID: 6417438}
  - 114: {fileID: 11432250}
  m_Layer: 0
  m_Name: leg1
  m_TagString: Untagged
  m_Icon: {fileID: 0}
  m_NavMeshLayer: 0
  m_StaticEditorFlags: 0
  m_IsActive: 1
--- !u!1 &137370
GameObject:
  m_ObjectHideFlags: 0
  m_PrefabParentObject: {fileID: 0}
  m_PrefabInternal: {fileID: 100100000}
  serializedVersion: 4
  m_Component:
  - 4: {fileID: 499546}
  - 33: {fileID: 3367360}
  - 23: {fileID: 2356008}
  - 54: {fileID: 5479772}
  - 64: {fileID: 6433600}
  - 114: {fileID: 11456836}
  m_Layer: 0
  m_Name: leg2
  m_TagString: Untagged
  m_Icon: {fileID: 0}
  m_NavMeshLayer: 0
  m_StaticEditorFlags: 0
  m_IsActive: 1
--- !u!1 &161404
GameObject:
  m_ObjectHideFlags: 0
  m_PrefabParentObject: {fileID: 0}
  m_PrefabInternal: {fileID: 100100000}
  serializedVersion: 4
  m_Component:
  - 4: {fileID: 414940}
  - 33: {fileID: 3395442}
  - 23: {fileID: 2338680}
  - 54: {fileID: 5447546}
  - 64: {fileID: 6450972}
  - 114: {fileID: 11481924}
  m_Layer: 0
  m_Name: top1
  m_TagString: Untagged
  m_Icon: {fileID: 0}
  m_NavMeshLayer: 0
  m_StaticEditorFlags: 0
  m_IsActive: 1
--- !u!1 &183936
GameObject:
  m_ObjectHideFlags: 0
  m_PrefabParentObject: {fileID: 0}
  m_PrefabInternal: {fileID: 100100000}
  serializedVersion: 4
  m_Component:
  - 4: {fileID: 495934}
  - 95: {fileID: 9579380}
  m_Layer: 0
  m_Name: centerArch
  m_TagString: Untagged
  m_Icon: {fileID: 0}
  m_NavMeshLayer: 0
  m_StaticEditorFlags: 0
  m_IsActive: 1
--- !u!1 &184332
GameObject:
  m_ObjectHideFlags: 0
  m_PrefabParentObject: {fileID: 0}
  m_PrefabInternal: {fileID: 100100000}
  serializedVersion: 4
  m_Component:
  - 4: {fileID: 430150}
  - 33: {fileID: 3326250}
  - 23: {fileID: 2388564}
  - 54: {fileID: 5492378}
  - 64: {fileID: 6414164}
  - 114: {fileID: 11446282}
  m_Layer: 0
  m_Name: leg4
  m_TagString: Untagged
  m_Icon: {fileID: 0}
  m_NavMeshLayer: 0
  m_StaticEditorFlags: 0
  m_IsActive: 1
--- !u!1 &185464
GameObject:
  m_ObjectHideFlags: 0
  m_PrefabParentObject: {fileID: 0}
  m_PrefabInternal: {fileID: 100100000}
  serializedVersion: 4
  m_Component:
  - 4: {fileID: 439902}
  - 33: {fileID: 3303292}
  - 23: {fileID: 2321644}
  - 54: {fileID: 5422740}
  - 64: {fileID: 6412662}
  - 114: {fileID: 11414396}
  m_Layer: 0
  m_Name: top4
  m_TagString: Untagged
  m_Icon: {fileID: 0}
  m_NavMeshLayer: 0
  m_StaticEditorFlags: 0
  m_IsActive: 1
--- !u!1 &192326
GameObject:
  m_ObjectHideFlags: 0
  m_PrefabParentObject: {fileID: 0}
  m_PrefabInternal: {fileID: 100100000}
  serializedVersion: 4
  m_Component:
  - 4: {fileID: 460044}
  - 33: {fileID: 3329440}
  - 23: {fileID: 2354128}
  - 54: {fileID: 5428026}
  - 64: {fileID: 6491014}
  - 114: {fileID: 11411434}
  m_Layer: 0
  m_Name: leg3
  m_TagString: Untagged
  m_Icon: {fileID: 0}
  m_NavMeshLayer: 0
  m_StaticEditorFlags: 0
  m_IsActive: 1
--- !u!1 &193144
GameObject:
  m_ObjectHideFlags: 0
  m_PrefabParentObject: {fileID: 0}
  m_PrefabInternal: {fileID: 100100000}
  serializedVersion: 4
  m_Component:
  - 4: {fileID: 403300}
  - 33: {fileID: 3354278}
  - 23: {fileID: 2380328}
  - 54: {fileID: 5421508}
  - 64: {fileID: 6473852}
  - 114: {fileID: 11444118}
  m_Layer: 0
  m_Name: top3
  m_TagString: Untagged
  m_Icon: {fileID: 0}
  m_NavMeshLayer: 0
  m_StaticEditorFlags: 0
  m_IsActive: 1
--- !u!1 &194702
GameObject:
  m_ObjectHideFlags: 0
  m_PrefabParentObject: {fileID: 0}
  m_PrefabInternal: {fileID: 100100000}
  serializedVersion: 4
  m_Component:
  - 4: {fileID: 468472}
  - 33: {fileID: 3372006}
  - 23: {fileID: 2308522}
  - 54: {fileID: 5428958}
  - 64: {fileID: 6491888}
  - 114: {fileID: 11400274}
  m_Layer: 0
  m_Name: top2
  m_TagString: Untagged
  m_Icon: {fileID: 0}
  m_NavMeshLayer: 0
  m_StaticEditorFlags: 0
  m_IsActive: 1
--- !u!4 &403300
Transform:
  m_ObjectHideFlags: 1
  m_PrefabParentObject: {fileID: 0}
  m_PrefabInternal: {fileID: 100100000}
  m_GameObject: {fileID: 193144}
  m_LocalRotation: {x: 0, y: 0, z: 0, w: 1}
  m_LocalPosition: {x: 30.5799999, y: 30.9899998, z: .00999999978}
  m_LocalScale: {x: 1, y: 1, z: 1}
  m_Children: []
  m_Father: {fileID: 495934}
  m_RootOrder: 2
--- !u!4 &414940
Transform:
  m_ObjectHideFlags: 1
  m_PrefabParentObject: {fileID: 0}
  m_PrefabInternal: {fileID: 100100000}
  m_GameObject: {fileID: 161404}
  m_LocalRotation: {x: 6.12323426e-17, y: 1, z: -6.12323426e-17, w: 0}
  m_LocalPosition: {x: 30.6000004, y: 30.9899998, z: 0}
  m_LocalScale: {x: 1, y: 1, z: 1}
  m_Children: []
  m_Father: {fileID: 495934}
  m_RootOrder: 0
--- !u!4 &430150
Transform:
  m_ObjectHideFlags: 1
  m_PrefabParentObject: {fileID: 0}
  m_PrefabInternal: {fileID: 100100000}
  m_GameObject: {fileID: 184332}
  m_LocalRotation: {x: 0, y: 0, z: 0, w: 1}
  m_LocalPosition: {x: -28.4038162, y: 15.4788713, z: .00601100922}
  m_LocalScale: {x: 1, y: 1, z: 1}
  m_Children: []
  m_Father: {fileID: 495934}
  m_RootOrder: 7
--- !u!4 &439902
Transform:
  m_ObjectHideFlags: 1
  m_PrefabParentObject: {fileID: 0}
  m_PrefabInternal: {fileID: 100100000}
  m_GameObject: {fileID: 185464}
  m_LocalRotation: {x: 0, y: -.707106829, z: 0, w: .707106829}
  m_LocalPosition: {x: 30.5799999, y: 30.9899998, z: .00999999978}
  m_LocalScale: {x: 1, y: 1, z: 1}
  m_Children: []
  m_Father: {fileID: 495934}
  m_RootOrder: 3
--- !u!4 &460044
Transform:
  m_ObjectHideFlags: 1
  m_PrefabParentObject: {fileID: 0}
  m_PrefabInternal: {fileID: 100100000}
  m_GameObject: {fileID: 192326}
  m_LocalRotation: {x: 0, y: -.707106829, z: 0, w: .707106829}
  m_LocalPosition: {x: .00699710846, y: 15.4788713, z: 28.416832}
  m_LocalScale: {x: 1, y: 1, z: 1}
  m_Children: []
  m_Father: {fileID: 495934}
  m_RootOrder: 6
--- !u!4 &468472
Transform:
  m_ObjectHideFlags: 1
  m_PrefabParentObject: {fileID: 0}
  m_PrefabInternal: {fileID: 100100000}
  m_GameObject: {fileID: 194702}
  m_LocalRotation: {x: 0, y: .707106829, z: 0, w: .707106829}
  m_LocalPosition: {x: 30.5799999, y: 30.9899998, z: .00999999978}
  m_LocalScale: {x: 1, y: 1, z: 1}
  m_Children: []
  m_Father: {fileID: 495934}
  m_RootOrder: 1
--- !u!4 &495934
Transform:
  m_ObjectHideFlags: 1
  m_PrefabParentObject: {fileID: 0}
  m_PrefabInternal: {fileID: 100100000}
  m_GameObject: {fileID: 183936}
  m_LocalRotation: {x: 0, y: .382683456, z: 0, w: .923879504}
  m_LocalPosition: {x: 1.29999995, y: .0700000003, z: -17.8999996}
  m_LocalScale: {x: 1.5, y: 1.5, z: 1.5}
  m_Children:
  - {fileID: 414940}
  - {fileID: 468472}
  - {fileID: 403300}
  - {fileID: 439902}
  - {fileID: 498256}
  - {fileID: 499546}
  - {fileID: 460044}
  - {fileID: 430150}
  m_Father: {fileID: 0}
  m_RootOrder: 0
--- !u!4 &498256
Transform:
  m_ObjectHideFlags: 1
  m_PrefabParentObject: {fileID: 0}
  m_PrefabInternal: {fileID: 100100000}
  m_GameObject: {fileID: 110954}
  m_LocalRotation: {x: 0, y: -.707106829, z: 0, w: .707106829}
  m_LocalPosition: {x: .00700473785, y: 15.4788713, z: -28.4048061}
  m_LocalScale: {x: 1, y: 1, z: 1}
  m_Children: []
  m_Father: {fileID: 495934}
  m_RootOrder: 4
--- !u!4 &499546
Transform:
  m_ObjectHideFlags: 1
  m_PrefabParentObject: {fileID: 0}
  m_PrefabInternal: {fileID: 100100000}
  m_GameObject: {fileID: 137370}
  m_LocalRotation: {x: 0, y: 0, z: 0, w: 1}
  m_LocalPosition: {x: 28.4178162, y: 15.4788713, z: .00601291656}
  m_LocalScale: {x: 1, y: 1, z: 1}
  m_Children: []
  m_Father: {fileID: 495934}
  m_RootOrder: 5
--- !u!23 &2308522
MeshRenderer:
  m_ObjectHideFlags: 1
  m_PrefabParentObject: {fileID: 0}
  m_PrefabInternal: {fileID: 100100000}
  m_GameObject: {fileID: 194702}
  m_Enabled: 1
  m_CastShadows: 1
  m_ReceiveShadows: 1
  m_Materials:
  - {fileID: 2100000, guid: b8e82816f08b54f82bd20f0a278139c6, type: 2}
  m_SubsetIndices: 
  m_StaticBatchRoot: {fileID: 0}
  m_UseLightProbes: 1
  m_ReflectionProbeUsage: 1
  m_ProbeAnchor: {fileID: 0}
  m_ScaleInLightmap: 1
  m_PreserveUVs: 0
  m_ImportantGI: 0
  m_AutoUVMaxDistance: .5
  m_AutoUVMaxAngle: 89
  m_LightmapParameters: {fileID: 0}
  m_SortingLayerID: 0
  m_SortingOrder: 0
--- !u!23 &2321644
MeshRenderer:
  m_ObjectHideFlags: 1
  m_PrefabParentObject: {fileID: 0}
  m_PrefabInternal: {fileID: 100100000}
  m_GameObject: {fileID: 185464}
  m_Enabled: 1
  m_CastShadows: 1
  m_ReceiveShadows: 1
  m_Materials:
  - {fileID: 2100000, guid: b8e82816f08b54f82bd20f0a278139c6, type: 2}
  m_SubsetIndices: 
  m_StaticBatchRoot: {fileID: 0}
  m_UseLightProbes: 1
  m_ReflectionProbeUsage: 1
  m_ProbeAnchor: {fileID: 0}
  m_ScaleInLightmap: 1
  m_PreserveUVs: 0
  m_ImportantGI: 0
  m_AutoUVMaxDistance: .5
  m_AutoUVMaxAngle: 89
  m_LightmapParameters: {fileID: 0}
  m_SortingLayerID: 0
  m_SortingOrder: 0
--- !u!23 &2338680
MeshRenderer:
  m_ObjectHideFlags: 1
  m_PrefabParentObject: {fileID: 0}
  m_PrefabInternal: {fileID: 100100000}
  m_GameObject: {fileID: 161404}
  m_Enabled: 1
  m_CastShadows: 1
  m_ReceiveShadows: 1
  m_Materials:
  - {fileID: 2100000, guid: b8e82816f08b54f82bd20f0a278139c6, type: 2}
  m_SubsetIndices: 
  m_StaticBatchRoot: {fileID: 0}
  m_UseLightProbes: 1
  m_ReflectionProbeUsage: 1
  m_ProbeAnchor: {fileID: 0}
  m_ScaleInLightmap: 1
  m_PreserveUVs: 0
  m_ImportantGI: 0
  m_AutoUVMaxDistance: .5
  m_AutoUVMaxAngle: 89
  m_LightmapParameters: {fileID: 0}
  m_SortingLayerID: 0
  m_SortingOrder: 0
--- !u!23 &2352574
MeshRenderer:
  m_ObjectHideFlags: 1
  m_PrefabParentObject: {fileID: 0}
  m_PrefabInternal: {fileID: 100100000}
  m_GameObject: {fileID: 110954}
  m_Enabled: 1
  m_CastShadows: 1
  m_ReceiveShadows: 1
  m_Materials:
  - {fileID: 2100000, guid: b8e82816f08b54f82bd20f0a278139c6, type: 2}
  m_SubsetIndices: 
  m_StaticBatchRoot: {fileID: 0}
  m_UseLightProbes: 1
  m_ReflectionProbeUsage: 1
  m_ProbeAnchor: {fileID: 0}
  m_ScaleInLightmap: 1
  m_PreserveUVs: 0
  m_ImportantGI: 0
  m_AutoUVMaxDistance: .5
  m_AutoUVMaxAngle: 89
  m_LightmapParameters: {fileID: 0}
  m_SortingLayerID: 0
  m_SortingOrder: 0
--- !u!23 &2354128
MeshRenderer:
  m_ObjectHideFlags: 1
  m_PrefabParentObject: {fileID: 0}
  m_PrefabInternal: {fileID: 100100000}
  m_GameObject: {fileID: 192326}
  m_Enabled: 1
  m_CastShadows: 1
  m_ReceiveShadows: 1
  m_Materials:
  - {fileID: 2100000, guid: b8e82816f08b54f82bd20f0a278139c6, type: 2}
  m_SubsetIndices: 
  m_StaticBatchRoot: {fileID: 0}
  m_UseLightProbes: 1
  m_ReflectionProbeUsage: 1
  m_ProbeAnchor: {fileID: 0}
  m_ScaleInLightmap: 1
  m_PreserveUVs: 0
  m_ImportantGI: 0
  m_AutoUVMaxDistance: .5
  m_AutoUVMaxAngle: 89
  m_LightmapParameters: {fileID: 0}
  m_SortingLayerID: 0
  m_SortingOrder: 0
--- !u!23 &2356008
MeshRenderer:
  m_ObjectHideFlags: 1
  m_PrefabParentObject: {fileID: 0}
  m_PrefabInternal: {fileID: 100100000}
  m_GameObject: {fileID: 137370}
  m_Enabled: 1
  m_CastShadows: 1
  m_ReceiveShadows: 1
  m_Materials:
  - {fileID: 2100000, guid: b8e82816f08b54f82bd20f0a278139c6, type: 2}
  m_SubsetIndices: 
  m_StaticBatchRoot: {fileID: 0}
  m_UseLightProbes: 1
  m_ReflectionProbeUsage: 1
  m_ProbeAnchor: {fileID: 0}
  m_ScaleInLightmap: 1
  m_PreserveUVs: 0
  m_ImportantGI: 0
  m_AutoUVMaxDistance: .5
  m_AutoUVMaxAngle: 89
  m_LightmapParameters: {fileID: 0}
  m_SortingLayerID: 0
  m_SortingOrder: 0
--- !u!23 &2380328
MeshRenderer:
  m_ObjectHideFlags: 1
  m_PrefabParentObject: {fileID: 0}
  m_PrefabInternal: {fileID: 100100000}
  m_GameObject: {fileID: 193144}
  m_Enabled: 1
  m_CastShadows: 1
  m_ReceiveShadows: 1
  m_Materials:
  - {fileID: 2100000, guid: b8e82816f08b54f82bd20f0a278139c6, type: 2}
  m_SubsetIndices: 
  m_StaticBatchRoot: {fileID: 0}
  m_UseLightProbes: 1
  m_ReflectionProbeUsage: 1
  m_ProbeAnchor: {fileID: 0}
  m_ScaleInLightmap: 1
  m_PreserveUVs: 0
  m_ImportantGI: 0
  m_AutoUVMaxDistance: .5
  m_AutoUVMaxAngle: 89
  m_LightmapParameters: {fileID: 0}
  m_SortingLayerID: 0
  m_SortingOrder: 0
--- !u!23 &2388564
MeshRenderer:
  m_ObjectHideFlags: 1
  m_PrefabParentObject: {fileID: 0}
  m_PrefabInternal: {fileID: 100100000}
  m_GameObject: {fileID: 184332}
  m_Enabled: 1
  m_CastShadows: 1
  m_ReceiveShadows: 1
  m_Materials:
  - {fileID: 2100000, guid: b8e82816f08b54f82bd20f0a278139c6, type: 2}
  m_SubsetIndices: 
  m_StaticBatchRoot: {fileID: 0}
  m_UseLightProbes: 1
  m_ReflectionProbeUsage: 1
  m_ProbeAnchor: {fileID: 0}
  m_ScaleInLightmap: 1
  m_PreserveUVs: 0
  m_ImportantGI: 0
  m_AutoUVMaxDistance: .5
  m_AutoUVMaxAngle: 89
  m_LightmapParameters: {fileID: 0}
  m_SortingLayerID: 0
  m_SortingOrder: 0
--- !u!33 &3303292
MeshFilter:
  m_ObjectHideFlags: 1
  m_PrefabParentObject: {fileID: 0}
  m_PrefabInternal: {fileID: 100100000}
  m_GameObject: {fileID: 185464}
  m_Mesh: {fileID: 4300014, guid: cb164831eb6594b7e89a4be5c5f16177, type: 3}
--- !u!33 &3326250
MeshFilter:
  m_ObjectHideFlags: 1
  m_PrefabParentObject: {fileID: 0}
  m_PrefabInternal: {fileID: 100100000}
  m_GameObject: {fileID: 184332}
  m_Mesh: {fileID: 4300000, guid: cb164831eb6594b7e89a4be5c5f16177, type: 3}
--- !u!33 &3329440
MeshFilter:
  m_ObjectHideFlags: 1
  m_PrefabParentObject: {fileID: 0}
  m_PrefabInternal: {fileID: 100100000}
  m_GameObject: {fileID: 192326}
  m_Mesh: {fileID: 4300006, guid: cb164831eb6594b7e89a4be5c5f16177, type: 3}
--- !u!33 &3354278
MeshFilter:
  m_ObjectHideFlags: 1
  m_PrefabParentObject: {fileID: 0}
  m_PrefabInternal: {fileID: 100100000}
  m_GameObject: {fileID: 193144}
  m_Mesh: {fileID: 4300012, guid: cb164831eb6594b7e89a4be5c5f16177, type: 3}
--- !u!33 &3367360
MeshFilter:
  m_ObjectHideFlags: 1
  m_PrefabParentObject: {fileID: 0}
  m_PrefabInternal: {fileID: 100100000}
  m_GameObject: {fileID: 137370}
  m_Mesh: {fileID: 4300002, guid: cb164831eb6594b7e89a4be5c5f16177, type: 3}
--- !u!33 &3372006
MeshFilter:
  m_ObjectHideFlags: 1
  m_PrefabParentObject: {fileID: 0}
  m_PrefabInternal: {fileID: 100100000}
  m_GameObject: {fileID: 194702}
  m_Mesh: {fileID: 4300010, guid: cb164831eb6594b7e89a4be5c5f16177, type: 3}
--- !u!33 &3392024
MeshFilter:
  m_ObjectHideFlags: 1
  m_PrefabParentObject: {fileID: 0}
  m_PrefabInternal: {fileID: 100100000}
  m_GameObject: {fileID: 110954}
  m_Mesh: {fileID: 4300004, guid: cb164831eb6594b7e89a4be5c5f16177, type: 3}
--- !u!33 &3395442
MeshFilter:
  m_ObjectHideFlags: 1
  m_PrefabParentObject: {fileID: 0}
  m_PrefabInternal: {fileID: 100100000}
  m_GameObject: {fileID: 161404}
  m_Mesh: {fileID: 4300008, guid: cb164831eb6594b7e89a4be5c5f16177, type: 3}
--- !u!54 &5421508
Rigidbody:
  m_ObjectHideFlags: 1
  m_PrefabParentObject: {fileID: 0}
  m_PrefabInternal: {fileID: 100100000}
  m_GameObject: {fileID: 193144}
  serializedVersion: 2
  m_Mass: 1
  m_Drag: 0
  m_AngularDrag: .0500000007
  m_UseGravity: 1
  m_IsKinematic: 0
  m_Interpolate: 0
  m_Constraints: 0
  m_CollisionDetection: 0
--- !u!54 &5422740
Rigidbody:
  m_ObjectHideFlags: 1
  m_PrefabParentObject: {fileID: 0}
  m_PrefabInternal: {fileID: 100100000}
  m_GameObject: {fileID: 185464}
  serializedVersion: 2
  m_Mass: 1
  m_Drag: 0
  m_AngularDrag: .0500000007
  m_UseGravity: 1
  m_IsKinematic: 0
  m_Interpolate: 0
  m_Constraints: 0
  m_CollisionDetection: 0
--- !u!54 &5428026
Rigidbody:
  m_ObjectHideFlags: 1
  m_PrefabParentObject: {fileID: 0}
  m_PrefabInternal: {fileID: 100100000}
  m_GameObject: {fileID: 192326}
  serializedVersion: 2
  m_Mass: 1
  m_Drag: 0
  m_AngularDrag: .0500000007
  m_UseGravity: 1
  m_IsKinematic: 0
  m_Interpolate: 0
  m_Constraints: 0
  m_CollisionDetection: 0
--- !u!54 &5428958
Rigidbody:
  m_ObjectHideFlags: 1
  m_PrefabParentObject: {fileID: 0}
  m_PrefabInternal: {fileID: 100100000}
  m_GameObject: {fileID: 194702}
  serializedVersion: 2
  m_Mass: 1
  m_Drag: 0
  m_AngularDrag: .0500000007
  m_UseGravity: 1
  m_IsKinematic: 0
  m_Interpolate: 0
  m_Constraints: 0
  m_CollisionDetection: 0
--- !u!54 &5443948
Rigidbody:
  m_ObjectHideFlags: 1
  m_PrefabParentObject: {fileID: 0}
  m_PrefabInternal: {fileID: 100100000}
  m_GameObject: {fileID: 110954}
  serializedVersion: 2
  m_Mass: 1
  m_Drag: 0
  m_AngularDrag: .0500000007
  m_UseGravity: 1
  m_IsKinematic: 0
  m_Interpolate: 0
  m_Constraints: 0
  m_CollisionDetection: 0
--- !u!54 &5447546
Rigidbody:
  m_ObjectHideFlags: 1
  m_PrefabParentObject: {fileID: 0}
  m_PrefabInternal: {fileID: 100100000}
  m_GameObject: {fileID: 161404}
  serializedVersion: 2
  m_Mass: 1
  m_Drag: 0
  m_AngularDrag: .0500000007
  m_UseGravity: 1
  m_IsKinematic: 0
  m_Interpolate: 0
  m_Constraints: 0
  m_CollisionDetection: 0
--- !u!54 &5479772
Rigidbody:
  m_ObjectHideFlags: 1
  m_PrefabParentObject: {fileID: 0}
  m_PrefabInternal: {fileID: 100100000}
  m_GameObject: {fileID: 137370}
  serializedVersion: 2
  m_Mass: 1
  m_Drag: 0
  m_AngularDrag: .0500000007
  m_UseGravity: 1
  m_IsKinematic: 0
  m_Interpolate: 0
  m_Constraints: 0
  m_CollisionDetection: 0
--- !u!54 &5492378
Rigidbody:
  m_ObjectHideFlags: 1
  m_PrefabParentObject: {fileID: 0}
  m_PrefabInternal: {fileID: 100100000}
  m_GameObject: {fileID: 184332}
  serializedVersion: 2
  m_Mass: 1
  m_Drag: 0
  m_AngularDrag: .0500000007
  m_UseGravity: 1
  m_IsKinematic: 0
  m_Interpolate: 0
  m_Constraints: 0
  m_CollisionDetection: 0
--- !u!64 &6412662
MeshCollider:
  m_ObjectHideFlags: 1
  m_PrefabParentObject: {fileID: 0}
  m_PrefabInternal: {fileID: 100100000}
  m_GameObject: {fileID: 185464}
  m_Material: {fileID: 0}
  m_IsTrigger: 0
  m_Enabled: 1
  serializedVersion: 2
  m_Convex: 1
  m_Mesh: {fileID: 4300014, guid: cb164831eb6594b7e89a4be5c5f16177, type: 3}
--- !u!64 &6414164
MeshCollider:
  m_ObjectHideFlags: 1
  m_PrefabParentObject: {fileID: 0}
  m_PrefabInternal: {fileID: 100100000}
  m_GameObject: {fileID: 184332}
  m_Material: {fileID: 0}
  m_IsTrigger: 0
  m_Enabled: 1
  serializedVersion: 2
  m_Convex: 1
  m_Mesh: {fileID: 4300000, guid: cb164831eb6594b7e89a4be5c5f16177, type: 3}
--- !u!64 &6417438
MeshCollider:
  m_ObjectHideFlags: 1
  m_PrefabParentObject: {fileID: 0}
  m_PrefabInternal: {fileID: 100100000}
  m_GameObject: {fileID: 110954}
  m_Material: {fileID: 0}
  m_IsTrigger: 0
  m_Enabled: 1
  serializedVersion: 2
  m_Convex: 1
  m_Mesh: {fileID: 4300004, guid: cb164831eb6594b7e89a4be5c5f16177, type: 3}
--- !u!64 &6433600
MeshCollider:
  m_ObjectHideFlags: 1
  m_PrefabParentObject: {fileID: 0}
  m_PrefabInternal: {fileID: 100100000}
  m_GameObject: {fileID: 137370}
  m_Material: {fileID: 0}
  m_IsTrigger: 0
  m_Enabled: 1
  serializedVersion: 2
  m_Convex: 1
  m_Mesh: {fileID: 4300002, guid: cb164831eb6594b7e89a4be5c5f16177, type: 3}
--- !u!64 &6450972
MeshCollider:
  m_ObjectHideFlags: 1
  m_PrefabParentObject: {fileID: 0}
  m_PrefabInternal: {fileID: 100100000}
  m_GameObject: {fileID: 161404}
  m_Material: {fileID: 0}
  m_IsTrigger: 0
  m_Enabled: 1
  serializedVersion: 2
  m_Convex: 1
  m_Mesh: {fileID: 4300008, guid: cb164831eb6594b7e89a4be5c5f16177, type: 3}
--- !u!64 &6473852
MeshCollider:
  m_ObjectHideFlags: 1
  m_PrefabParentObject: {fileID: 0}
  m_PrefabInternal: {fileID: 100100000}
  m_GameObject: {fileID: 193144}
  m_Material: {fileID: 0}
  m_IsTrigger: 0
  m_Enabled: 1
  serializedVersion: 2
  m_Convex: 1
  m_Mesh: {fileID: 4300012, guid: cb164831eb6594b7e89a4be5c5f16177, type: 3}
--- !u!64 &6491014
MeshCollider:
  m_ObjectHideFlags: 1
  m_PrefabParentObject: {fileID: 0}
  m_PrefabInternal: {fileID: 100100000}
  m_GameObject: {fileID: 192326}
  m_Material: {fileID: 0}
  m_IsTrigger: 0
  m_Enabled: 1
  serializedVersion: 2
  m_Convex: 1
  m_Mesh: {fileID: 4300006, guid: cb164831eb6594b7e89a4be5c5f16177, type: 3}
--- !u!64 &6491888
MeshCollider:
  m_ObjectHideFlags: 1
  m_PrefabParentObject: {fileID: 0}
  m_PrefabInternal: {fileID: 100100000}
  m_GameObject: {fileID: 194702}
  m_Material: {fileID: 0}
  m_IsTrigger: 0
  m_Enabled: 1
  serializedVersion: 2
  m_Convex: 1
  m_Mesh: {fileID: 4300010, guid: cb164831eb6594b7e89a4be5c5f16177, type: 3}
--- !u!95 &9579380
Animator:
  serializedVersion: 3
  m_ObjectHideFlags: 1
  m_PrefabParentObject: {fileID: 0}
  m_PrefabInternal: {fileID: 100100000}
  m_GameObject: {fileID: 183936}
  m_Enabled: 1
  m_Avatar: {fileID: 9000000, guid: cb164831eb6594b7e89a4be5c5f16177, type: 3}
  m_Controller: {fileID: 0}
  m_CullingMode: 0
  m_UpdateMode: 0
  m_ApplyRootMotion: 0
  m_LinearVelocityBlending: 0
  m_WarningMessage: 
  m_HasTransformHierarchy: 1
  m_AllowConstantClipSamplingOptimization: 1
--- !u!114 &11400274
MonoBehaviour:
  m_ObjectHideFlags: 1
  m_PrefabParentObject: {fileID: 0}
  m_PrefabInternal: {fileID: 100100000}
  m_GameObject: {fileID: 194702}
  m_Enabled: 1
  m_EditorHideFlags: 0
  m_Script: {fileID: 11500000, guid: 19730dd0c854644d89302436824f32b2, type: 3}
  m_Name: 
  m_EditorClassIdentifier: 
  centerLeg1: {fileID: 110954}
  centerLeg2: {fileID: 137370}
  centerLeg3: {fileID: 192326}
  centerLeg4: {fileID: 184332}
  centerTop1: {fileID: 161404}
  centerTop2: {fileID: 194702}
  centerTop3: {fileID: 193144}
  centerTop4: {fileID: 185464}
  centerLegFracture1: {fileID: 141306, guid: 9917512e51e3845c6b381738f8067d6b, type: 2}
  centerLegFracture2: {fileID: 177926, guid: 62e123c24632844c29b95df6a41de5cf, type: 2}
  centerLegFracture3: {fileID: 151274, guid: c44d5b379f35848f881ce6f55d2280de, type: 2}
  centerLegFracture4: {fileID: 194552, guid: b91ab70ef6ec64211becf37f39046aea, type: 2}
  centerTopFracture1: {fileID: 127798, guid: e007c421933c047c4beb8a1c449ffb1b, type: 2}
  centerTopFracture2: {fileID: 135860, guid: 0fdedfe3d2b1b41a2b3059e45d4088fa, type: 2}
  centerTopFracture3: {fileID: 113588, guid: 5d60d189a0e6f48229fdcc8243845026, type: 2}
  centerTopFracture4: {fileID: 135882, guid: 23b06ded102d849b49751dd53e2b72cf, type: 2}
  centerChunkWedge1: {fileID: 0}
  centerChunkWedge2: {fileID: 0}
  centerChunkWedge3: {fileID: 0}
  centerChunkAngle1: {fileID: 0}
  centerChunkAngle2: {fileID: 0}
  centerChunkAngle3: {fileID: 0}
  centerChunkCube: {fileID: 0}
  centerPiecesWedge: {fileID: 0}
  centerPiecesAngle: {fileID: 0}
  centerPiecesCube: {fileID: 0}
--- !u!114 &11411434
MonoBehaviour:
  m_ObjectHideFlags: 1
  m_PrefabParentObject: {fileID: 0}
  m_PrefabInternal: {fileID: 100100000}
  m_GameObject: {fileID: 192326}
  m_Enabled: 1
  m_EditorHideFlags: 0
  m_Script: {fileID: 11500000, guid: 19730dd0c854644d89302436824f32b2, type: 3}
  m_Name: 
  m_EditorClassIdentifier: 
  centerLeg1: {fileID: 110954}
  centerLeg2: {fileID: 137370}
  centerLeg3: {fileID: 192326}
  centerLeg4: {fileID: 184332}
  centerTop1: {fileID: 161404}
  centerTop2: {fileID: 194702}
  centerTop3: {fileID: 193144}
  centerTop4: {fileID: 185464}
  centerLegFracture1: {fileID: 141306, guid: 9917512e51e3845c6b381738f8067d6b, type: 2}
  centerLegFracture2: {fileID: 177926, guid: 62e123c24632844c29b95df6a41de5cf, type: 2}
  centerLegFracture3: {fileID: 151274, guid: c44d5b379f35848f881ce6f55d2280de, type: 2}
  centerLegFracture4: {fileID: 194552, guid: b91ab70ef6ec64211becf37f39046aea, type: 2}
  centerTopFracture1: {fileID: 127798, guid: e007c421933c047c4beb8a1c449ffb1b, type: 2}
  centerTopFracture2: {fileID: 135860, guid: 0fdedfe3d2b1b41a2b3059e45d4088fa, type: 2}
  centerTopFracture3: {fileID: 113588, guid: 5d60d189a0e6f48229fdcc8243845026, type: 2}
  centerTopFracture4: {fileID: 135882, guid: 23b06ded102d849b49751dd53e2b72cf, type: 2}
  centerChunkWedge1: {fileID: 0}
  centerChunkWedge2: {fileID: 0}
  centerChunkWedge3: {fileID: 0}
  centerChunkAngle1: {fileID: 0}
  centerChunkAngle2: {fileID: 0}
  centerChunkAngle3: {fileID: 0}
  centerChunkCube: {fileID: 0}
  centerPiecesWedge: {fileID: 0}
  centerPiecesAngle: {fileID: 0}
  centerPiecesCube: {fileID: 0}
--- !u!114 &11414396
MonoBehaviour:
  m_ObjectHideFlags: 1
  m_PrefabParentObject: {fileID: 0}
  m_PrefabInternal: {fileID: 100100000}
  m_GameObject: {fileID: 185464}
  m_Enabled: 1
  m_EditorHideFlags: 0
  m_Script: {fileID: 11500000, guid: 19730dd0c854644d89302436824f32b2, type: 3}
  m_Name: 
  m_EditorClassIdentifier: 
  centerLeg1: {fileID: 110954}
  centerLeg2: {fileID: 137370}
  centerLeg3: {fileID: 192326}
  centerLeg4: {fileID: 184332}
  centerTop1: {fileID: 161404}
  centerTop2: {fileID: 194702}
  centerTop3: {fileID: 193144}
  centerTop4: {fileID: 185464}
  centerLegFracture1: {fileID: 141306, guid: 9917512e51e3845c6b381738f8067d6b, type: 2}
  centerLegFracture2: {fileID: 177926, guid: 62e123c24632844c29b95df6a41de5cf, type: 2}
  centerLegFracture3: {fileID: 151274, guid: c44d5b379f35848f881ce6f55d2280de, type: 2}
  centerLegFracture4: {fileID: 194552, guid: b91ab70ef6ec64211becf37f39046aea, type: 2}
  centerTopFracture1: {fileID: 127798, guid: e007c421933c047c4beb8a1c449ffb1b, type: 2}
  centerTopFracture2: {fileID: 135860, guid: 0fdedfe3d2b1b41a2b3059e45d4088fa, type: 2}
  centerTopFracture3: {fileID: 113588, guid: 5d60d189a0e6f48229fdcc8243845026, type: 2}
  centerTopFracture4: {fileID: 135882, guid: 23b06ded102d849b49751dd53e2b72cf, type: 2}
  centerChunkWedge1: {fileID: 0}
  centerChunkWedge2: {fileID: 0}
  centerChunkWedge3: {fileID: 0}
  centerChunkAngle1: {fileID: 0}
  centerChunkAngle2: {fileID: 0}
  centerChunkAngle3: {fileID: 0}
  centerChunkCube: {fileID: 0}
  centerPiecesWedge: {fileID: 0}
  centerPiecesAngle: {fileID: 0}
  centerPiecesCube: {fileID: 0}
--- !u!114 &11432250
MonoBehaviour:
  m_ObjectHideFlags: 1
  m_PrefabParentObject: {fileID: 0}
  m_PrefabInternal: {fileID: 100100000}
  m_GameObject: {fileID: 110954}
  m_Enabled: 1
  m_EditorHideFlags: 0
  m_Script: {fileID: 11500000, guid: 19730dd0c854644d89302436824f32b2, type: 3}
  m_Name: 
  m_EditorClassIdentifier: 
  centerLeg1: {fileID: 110954}
  centerLeg2: {fileID: 137370}
  centerLeg3: {fileID: 192326}
  centerLeg4: {fileID: 184332}
  centerTop1: {fileID: 161404}
  centerTop2: {fileID: 194702}
  centerTop3: {fileID: 193144}
  centerTop4: {fileID: 185464}
  centerLegFracture1: {fileID: 141306, guid: 9917512e51e3845c6b381738f8067d6b, type: 2}
  centerLegFracture2: {fileID: 177926, guid: 62e123c24632844c29b95df6a41de5cf, type: 2}
  centerLegFracture3: {fileID: 151274, guid: c44d5b379f35848f881ce6f55d2280de, type: 2}
  centerLegFracture4: {fileID: 194552, guid: b91ab70ef6ec64211becf37f39046aea, type: 2}
  centerTopFracture1: {fileID: 127798, guid: e007c421933c047c4beb8a1c449ffb1b, type: 2}
  centerTopFracture2: {fileID: 135860, guid: 0fdedfe3d2b1b41a2b3059e45d4088fa, type: 2}
  centerTopFracture3: {fileID: 113588, guid: 5d60d189a0e6f48229fdcc8243845026, type: 2}
  centerTopFracture4: {fileID: 135882, guid: 23b06ded102d849b49751dd53e2b72cf, type: 2}
  centerChunkWedge1: {fileID: 0}
  centerChunkWedge2: {fileID: 0}
  centerChunkWedge3: {fileID: 0}
  centerChunkAngle1: {fileID: 0}
  centerChunkAngle2: {fileID: 0}
  centerChunkAngle3: {fileID: 0}
  centerChunkCube: {fileID: 0}
  centerPiecesWedge: {fileID: 0}
  centerPiecesAngle: {fileID: 0}
  centerPiecesCube: {fileID: 0}
--- !u!114 &11444118
MonoBehaviour:
  m_ObjectHideFlags: 1
  m_PrefabParentObject: {fileID: 0}
  m_PrefabInternal: {fileID: 100100000}
  m_GameObject: {fileID: 193144}
  m_Enabled: 1
  m_EditorHideFlags: 0
  m_Script: {fileID: 11500000, guid: 19730dd0c854644d89302436824f32b2, type: 3}
  m_Name: 
  m_EditorClassIdentifier: 
  centerLeg1: {fileID: 110954}
  centerLeg2: {fileID: 137370}
  centerLeg3: {fileID: 192326}
  centerLeg4: {fileID: 184332}
  centerTop1: {fileID: 161404}
  centerTop2: {fileID: 194702}
  centerTop3: {fileID: 193144}
  centerTop4: {fileID: 185464}
  centerLegFracture1: {fileID: 141306, guid: 9917512e51e3845c6b381738f8067d6b, type: 2}
  centerLegFracture2: {fileID: 177926, guid: 62e123c24632844c29b95df6a41de5cf, type: 2}
  centerLegFracture3: {fileID: 151274, guid: c44d5b379f35848f881ce6f55d2280de, type: 2}
  centerLegFracture4: {fileID: 194552, guid: b91ab70ef6ec64211becf37f39046aea, type: 2}
  centerTopFracture1: {fileID: 127798, guid: e007c421933c047c4beb8a1c449ffb1b, type: 2}
  centerTopFracture2: {fileID: 135860, guid: 0fdedfe3d2b1b41a2b3059e45d4088fa, type: 2}
  centerTopFracture3: {fileID: 113588, guid: 5d60d189a0e6f48229fdcc8243845026, type: 2}
  centerTopFracture4: {fileID: 135882, guid: 23b06ded102d849b49751dd53e2b72cf, type: 2}
  centerChunkWedge1: {fileID: 0}
  centerChunkWedge2: {fileID: 0}
  centerChunkWedge3: {fileID: 0}
  centerChunkAngle1: {fileID: 0}
  centerChunkAngle2: {fileID: 0}
  centerChunkAngle3: {fileID: 0}
  centerChunkCube: {fileID: 0}
  centerPiecesWedge: {fileID: 0}
  centerPiecesAngle: {fileID: 0}
  centerPiecesCube: {fileID: 0}
--- !u!114 &11446282
MonoBehaviour:
  m_ObjectHideFlags: 1
  m_PrefabParentObject: {fileID: 0}
  m_PrefabInternal: {fileID: 100100000}
  m_GameObject: {fileID: 184332}
  m_Enabled: 1
  m_EditorHideFlags: 0
  m_Script: {fileID: 11500000, guid: 19730dd0c854644d89302436824f32b2, type: 3}
  m_Name: 
  m_EditorClassIdentifier: 
  centerLeg1: {fileID: 110954}
  centerLeg2: {fileID: 137370}
  centerLeg3: {fileID: 192326}
  centerLeg4: {fileID: 184332}
  centerTop1: {fileID: 161404}
  centerTop2: {fileID: 194702}
  centerTop3: {fileID: 193144}
  centerTop4: {fileID: 185464}
  centerLegFracture1: {fileID: 141306, guid: 9917512e51e3845c6b381738f8067d6b, type: 2}
  centerLegFracture2: {fileID: 177926, guid: 62e123c24632844c29b95df6a41de5cf, type: 2}
  centerLegFracture3: {fileID: 151274, guid: c44d5b379f35848f881ce6f55d2280de, type: 2}
  centerLegFracture4: {fileID: 194552, guid: b91ab70ef6ec64211becf37f39046aea, type: 2}
  centerTopFracture1: {fileID: 127798, guid: e007c421933c047c4beb8a1c449ffb1b, type: 2}
  centerTopFracture2: {fileID: 135860, guid: 0fdedfe3d2b1b41a2b3059e45d4088fa, type: 2}
  centerTopFracture3: {fileID: 113588, guid: 5d60d189a0e6f48229fdcc8243845026, type: 2}
  centerTopFracture4: {fileID: 135882, guid: 23b06ded102d849b49751dd53e2b72cf, type: 2}
  centerChunkWedge1: {fileID: 0}
  centerChunkWedge2: {fileID: 0}
  centerChunkWedge3: {fileID: 0}
  centerChunkAngle1: {fileID: 0}
  centerChunkAngle2: {fileID: 0}
  centerChunkAngle3: {fileID: 0}
  centerChunkCube: {fileID: 0}
  centerPiecesWedge: {fileID: 0}
  centerPiecesAngle: {fileID: 0}
  centerPiecesCube: {fileID: 0}
--- !u!114 &11456836
MonoBehaviour:
  m_ObjectHideFlags: 1
  m_PrefabParentObject: {fileID: 0}
  m_PrefabInternal: {fileID: 100100000}
  m_GameObject: {fileID: 137370}
  m_Enabled: 1
  m_EditorHideFlags: 0
  m_Script: {fileID: 11500000, guid: 19730dd0c854644d89302436824f32b2, type: 3}
  m_Name: 
  m_EditorClassIdentifier: 
  centerLeg1: {fileID: 110954}
  centerLeg2: {fileID: 137370}
  centerLeg3: {fileID: 192326}
  centerLeg4: {fileID: 184332}
  centerTop1: {fileID: 161404}
  centerTop2: {fileID: 194702}
  centerTop3: {fileID: 193144}
  centerTop4: {fileID: 185464}
  centerLegFracture1: {fileID: 141306, guid: 9917512e51e3845c6b381738f8067d6b, type: 2}
  centerLegFracture2: {fileID: 177926, guid: 62e123c24632844c29b95df6a41de5cf, type: 2}
  centerLegFracture3: {fileID: 151274, guid: c44d5b379f35848f881ce6f55d2280de, type: 2}
  centerLegFracture4: {fileID: 194552, guid: b91ab70ef6ec64211becf37f39046aea, type: 2}
  centerTopFracture1: {fileID: 127798, guid: e007c421933c047c4beb8a1c449ffb1b, type: 2}
  centerTopFracture2: {fileID: 135860, guid: 0fdedfe3d2b1b41a2b3059e45d4088fa, type: 2}
  centerTopFracture3: {fileID: 113588, guid: 5d60d189a0e6f48229fdcc8243845026, type: 2}
  centerTopFracture4: {fileID: 135882, guid: 23b06ded102d849b49751dd53e2b72cf, type: 2}
  centerChunkWedge1: {fileID: 0}
  centerChunkWedge2: {fileID: 0}
  centerChunkWedge3: {fileID: 0}
  centerChunkAngle1: {fileID: 0}
  centerChunkAngle2: {fileID: 0}
  centerChunkAngle3: {fileID: 0}
  centerChunkCube: {fileID: 0}
  centerPiecesWedge: {fileID: 0}
  centerPiecesAngle: {fileID: 0}
  centerPiecesCube: {fileID: 0}
--- !u!114 &11481924
MonoBehaviour:
  m_ObjectHideFlags: 1
  m_PrefabParentObject: {fileID: 0}
  m_PrefabInternal: {fileID: 100100000}
  m_GameObject: {fileID: 161404}
  m_Enabled: 1
  m_EditorHideFlags: 0
  m_Script: {fileID: 11500000, guid: 19730dd0c854644d89302436824f32b2, type: 3}
  m_Name: 
  m_EditorClassIdentifier: 
  centerLeg1: {fileID: 110954}
  centerLeg2: {fileID: 137370}
  centerLeg3: {fileID: 192326}
  centerLeg4: {fileID: 184332}
  centerTop1: {fileID: 161404}
  centerTop2: {fileID: 194702}
  centerTop3: {fileID: 193144}
  centerTop4: {fileID: 185464}
  centerLegFracture1: {fileID: 141306, guid: 9917512e51e3845c6b381738f8067d6b, type: 2}
  centerLegFracture2: {fileID: 177926, guid: 62e123c24632844c29b95df6a41de5cf, type: 2}
  centerLegFracture3: {fileID: 151274, guid: c44d5b379f35848f881ce6f55d2280de, type: 2}
  centerLegFracture4: {fileID: 194552, guid: b91ab70ef6ec64211becf37f39046aea, type: 2}
  centerTopFracture1: {fileID: 127798, guid: e007c421933c047c4beb8a1c449ffb1b, type: 2}
  centerTopFracture2: {fileID: 135860, guid: 0fdedfe3d2b1b41a2b3059e45d4088fa, type: 2}
  centerTopFracture3: {fileID: 113588, guid: 5d60d189a0e6f48229fdcc8243845026, type: 2}
  centerTopFracture4: {fileID: 135882, guid: 23b06ded102d849b49751dd53e2b72cf, type: 2}
  centerChunkWedge1: {fileID: 0}
  centerChunkWedge2: {fileID: 0}
  centerChunkWedge3: {fileID: 0}
  centerChunkAngle1: {fileID: 0}
  centerChunkAngle2: {fileID: 0}
  centerChunkAngle3: {fileID: 0}
  centerChunkCube: {fileID: 0}
  centerPiecesWedge: {fileID: 0}
  centerPiecesAngle: {fileID: 0}
  centerPiecesCube: {fileID: 0}
--- !u!1001 &100100000
Prefab:
  m_ObjectHideFlags: 1
  serializedVersion: 2
  m_Modification:
    m_TransformParent: {fileID: 0}
    m_Modifications: []
    m_RemovedComponents: []
  m_ParentPrefab: {fileID: 0}
  m_RootGameObject: {fileID: 183936}
  m_IsPrefabParent: 1
