%YAML 1.1
%TAG !u! tag:unity3d.com,2011:
--- !u!29 &1
SceneSettings:
  m_ObjectHideFlags: 0
  m_PVSData: 
  m_PVSObjectsArray: []
  m_PVSPortalsArray: []
  m_OcclusionBakeSettings:
    smallestOccluder: 5
    smallestHole: .25
    backfaceThreshold: 100
--- !u!104 &2
RenderSettings:
  m_ObjectHideFlags: 0
  serializedVersion: 6
  m_Fog: 0
  m_FogColor: {r: .5, g: .5, b: .5, a: 1}
  m_FogMode: 3
  m_FogDensity: .00999999978
  m_LinearFogStart: 0
  m_LinearFogEnd: 300
  m_AmbientSkyColor: {r: .211999997, g: .226999998, b: .259000003, a: 1}
  m_AmbientEquatorColor: {r: .114, g: .125, b: .133000001, a: 1}
  m_AmbientGroundColor: {r: .0469999984, g: .0430000015, b: .0350000001, a: 1}
  m_AmbientIntensity: 1
  m_AmbientMode: 0
  m_SkyboxMaterial: {fileID: 10304, guid: 0000000000000000f000000000000000, type: 0}
  m_HaloStrength: .5
  m_FlareStrength: 1
  m_FlareFadeSpeed: 3
  m_HaloTexture: {fileID: 0}
  m_SpotCookie: {fileID: 10001, guid: 0000000000000000e000000000000000, type: 0}
  m_DefaultReflectionMode: 0
  m_DefaultReflectionResolution: 128
  m_ReflectionBounces: 1
  m_ReflectionIntensity: 1
  m_CustomReflection: {fileID: 0}
  m_Sun: {fileID: 0}
--- !u!127 &3
LevelGameManager:
  m_ObjectHideFlags: 0
--- !u!157 &4
LightmapSettings:
  m_ObjectHideFlags: 0
  serializedVersion: 5
  m_GIWorkflowMode: 0
  m_LightmapsMode: 1
  m_GISettings:
    serializedVersion: 2
    m_BounceScale: 1
    m_IndirectOutputScale: 1
    m_AlbedoBoost: 1
    m_TemporalCoherenceThreshold: 1
    m_EnvironmentLightingMode: 0
    m_EnableBakedLightmaps: 1
    m_EnableRealtimeLightmaps: 1
  m_LightmapEditorSettings:
    serializedVersion: 3
    m_Resolution: 2
    m_BakeResolution: 40
    m_TextureWidth: 1024
    m_TextureHeight: 1024
    m_AOMaxDistance: 1
    m_Padding: 2
    m_CompAOExponent: 0
    m_LightmapParameters: {fileID: 0}
    m_TextureCompression: 1
    m_FinalGather: 0
    m_FinalGatherRayCount: 1024
  m_LightmapSnapshot: {fileID: 0}
  m_RuntimeCPUUsage: 25
--- !u!196 &5
NavMeshSettings:
  serializedVersion: 2
  m_ObjectHideFlags: 0
  m_BuildSettings:
    serializedVersion: 2
    agentRadius: .5
    agentHeight: 2
    agentSlope: 45
    agentClimb: .400000006
    ledgeDropHeight: 0
    maxJumpAcrossDistance: 0
    accuratePlacement: 0
    minRegionArea: 2
    cellSize: .166666672
    manualCellSize: 0
  m_NavMeshData: {fileID: 0}
--- !u!1001 &43219071
Prefab:
  m_ObjectHideFlags: 0
  serializedVersion: 2
  m_Modification:
    m_TransformParent: {fileID: 0}
    m_Modifications:
    - target: {fileID: 400004, guid: baec086904791744185aaa07a6cf55c2, type: 2}
      propertyPath: m_LocalPosition.x
      value: 0
      objectReference: {fileID: 0}
    - target: {fileID: 400004, guid: baec086904791744185aaa07a6cf55c2, type: 2}
      propertyPath: m_LocalPosition.y
      value: 0
      objectReference: {fileID: 0}
    - target: {fileID: 400004, guid: baec086904791744185aaa07a6cf55c2, type: 2}
      propertyPath: m_LocalPosition.z
      value: 0
      objectReference: {fileID: 0}
    - target: {fileID: 400004, guid: baec086904791744185aaa07a6cf55c2, type: 2}
      propertyPath: m_LocalRotation.x
      value: 0
      objectReference: {fileID: 0}
    - target: {fileID: 400004, guid: baec086904791744185aaa07a6cf55c2, type: 2}
      propertyPath: m_LocalRotation.y
      value: 0
      objectReference: {fileID: 0}
    - target: {fileID: 400004, guid: baec086904791744185aaa07a6cf55c2, type: 2}
      propertyPath: m_LocalRotation.z
      value: 0
      objectReference: {fileID: 0}
    - target: {fileID: 400004, guid: baec086904791744185aaa07a6cf55c2, type: 2}
      propertyPath: m_LocalRotation.w
      value: 1
      objectReference: {fileID: 0}
    - target: {fileID: 400004, guid: baec086904791744185aaa07a6cf55c2, type: 2}
      propertyPath: m_RootOrder
      value: 11
      objectReference: {fileID: 0}
    - target: {fileID: 11400000, guid: baec086904791744185aaa07a6cf55c2, type: 2}
      propertyPath: m_Target
      value: 
      objectReference: {fileID: 1768787345}
    - target: {fileID: 100004, guid: baec086904791744185aaa07a6cf55c2, type: 2}
      propertyPath: m_Name
      value: MultipurposeCameraRig (3)
      objectReference: {fileID: 0}
    - target: {fileID: 100002, guid: baec086904791744185aaa07a6cf55c2, type: 2}
      propertyPath: m_IsActive
      value: 1
      objectReference: {fileID: 0}
    - target: {fileID: 11400000, guid: baec086904791744185aaa07a6cf55c2, type: 2}
      propertyPath: m_MoveSpeed
      value: 5
      objectReference: {fileID: 0}
    - target: {fileID: 400002, guid: baec086904791744185aaa07a6cf55c2, type: 2}
      propertyPath: m_LocalPosition.y
      value: 5
      objectReference: {fileID: 0}
    - target: {fileID: 400002, guid: baec086904791744185aaa07a6cf55c2, type: 2}
      propertyPath: m_LocalPosition.x
      value: 0
      objectReference: {fileID: 0}
    - target: {fileID: 400002, guid: baec086904791744185aaa07a6cf55c2, type: 2}
      propertyPath: m_LocalRotation.x
      value: .0871557519
      objectReference: {fileID: 0}
    - target: {fileID: 400002, guid: baec086904791744185aaa07a6cf55c2, type: 2}
      propertyPath: m_LocalRotation.w
      value: .99619472
      objectReference: {fileID: 0}
    - target: {fileID: 11400000, guid: baec086904791744185aaa07a6cf55c2, type: 2}
      propertyPath: m_FollowTilt
      value: 0
      objectReference: {fileID: 0}
    - target: {fileID: 11400000, guid: baec086904791744185aaa07a6cf55c2, type: 2}
      propertyPath: m_TurnSpeed
      value: 30
      objectReference: {fileID: 0}
    - target: {fileID: 11400000, guid: baec086904791744185aaa07a6cf55c2, type: 2}
      propertyPath: m_SpinTurnLimit
      value: 360
      objectReference: {fileID: 0}
    - target: {fileID: 100002, guid: baec086904791744185aaa07a6cf55c2, type: 2}
      propertyPath: m_Layer
      value: 11
      objectReference: {fileID: 0}
    m_RemovedComponents: []
  m_ParentPrefab: {fileID: 100100000, guid: baec086904791744185aaa07a6cf55c2, type: 2}
  m_IsPrefabParent: 0
--- !u!1001 &211917842
Prefab:
  m_ObjectHideFlags: 0
  serializedVersion: 2
  m_Modification:
    m_TransformParent: {fileID: 0}
    m_Modifications:
    - target: {fileID: 400004, guid: baec086904791744185aaa07a6cf55c2, type: 2}
      propertyPath: m_LocalPosition.x
      value: 0
      objectReference: {fileID: 0}
    - target: {fileID: 400004, guid: baec086904791744185aaa07a6cf55c2, type: 2}
      propertyPath: m_LocalPosition.y
      value: 0
      objectReference: {fileID: 0}
    - target: {fileID: 400004, guid: baec086904791744185aaa07a6cf55c2, type: 2}
      propertyPath: m_LocalPosition.z
      value: 0
      objectReference: {fileID: 0}
    - target: {fileID: 400004, guid: baec086904791744185aaa07a6cf55c2, type: 2}
      propertyPath: m_LocalRotation.x
      value: 0
      objectReference: {fileID: 0}
    - target: {fileID: 400004, guid: baec086904791744185aaa07a6cf55c2, type: 2}
      propertyPath: m_LocalRotation.y
      value: 0
      objectReference: {fileID: 0}
    - target: {fileID: 400004, guid: baec086904791744185aaa07a6cf55c2, type: 2}
      propertyPath: m_LocalRotation.z
      value: 0
      objectReference: {fileID: 0}
    - target: {fileID: 400004, guid: baec086904791744185aaa07a6cf55c2, type: 2}
      propertyPath: m_LocalRotation.w
      value: 1
      objectReference: {fileID: 0}
    - target: {fileID: 400004, guid: baec086904791744185aaa07a6cf55c2, type: 2}
      propertyPath: m_RootOrder
      value: 9
      objectReference: {fileID: 0}
    - target: {fileID: 11400000, guid: baec086904791744185aaa07a6cf55c2, type: 2}
      propertyPath: m_Target
      value: 
      objectReference: {fileID: 1074500827}
    - target: {fileID: 100004, guid: baec086904791744185aaa07a6cf55c2, type: 2}
      propertyPath: m_Name
      value: MultipurposeCameraRig (1)
      objectReference: {fileID: 0}
    - target: {fileID: 100004, guid: baec086904791744185aaa07a6cf55c2, type: 2}
      propertyPath: m_TagString
      value: Camera 2
      objectReference: {fileID: 0}
    - target: {fileID: 2000000, guid: baec086904791744185aaa07a6cf55c2, type: 2}
      propertyPath: m_NormalizedViewPortRect.width
      value: .5
      objectReference: {fileID: 0}
    - target: {fileID: 2000000, guid: baec086904791744185aaa07a6cf55c2, type: 2}
      propertyPath: m_NormalizedViewPortRect.height
      value: .5
      objectReference: {fileID: 0}
    - target: {fileID: 2000000, guid: baec086904791744185aaa07a6cf55c2, type: 2}
      propertyPath: m_NormalizedViewPortRect.x
      value: .5
      objectReference: {fileID: 0}
    - target: {fileID: 2000000, guid: baec086904791744185aaa07a6cf55c2, type: 2}
      propertyPath: m_NormalizedViewPortRect.y
      value: .5
      objectReference: {fileID: 0}
    - target: {fileID: 8100000, guid: baec086904791744185aaa07a6cf55c2, type: 2}
      propertyPath: m_Enabled
      value: 0
      objectReference: {fileID: 0}
    - target: {fileID: 11400000, guid: baec086904791744185aaa07a6cf55c2, type: 2}
      propertyPath: m_FollowVelocity
      value: 0
      objectReference: {fileID: 0}
    - target: {fileID: 11400000, guid: baec086904791744185aaa07a6cf55c2, type: 2}
      propertyPath: m_AutoTargetPlayer
      value: 0
      objectReference: {fileID: 0}
    - target: {fileID: 100004, guid: baec086904791744185aaa07a6cf55c2, type: 2}
      propertyPath: m_IsActive
      value: 1
      objectReference: {fileID: 0}
    - target: {fileID: 11400000, guid: baec086904791744185aaa07a6cf55c2, type: 2}
      propertyPath: m_MoveSpeed
      value: 5
      objectReference: {fileID: 0}
    - target: {fileID: 11400000, guid: baec086904791744185aaa07a6cf55c2, type: 2}
      propertyPath: m_TurnSpeed
      value: 30
      objectReference: {fileID: 0}
    - target: {fileID: 400002, guid: baec086904791744185aaa07a6cf55c2, type: 2}
      propertyPath: m_LocalPosition.y
      value: 5
      objectReference: {fileID: 0}
    - target: {fileID: 400002, guid: baec086904791744185aaa07a6cf55c2, type: 2}
      propertyPath: m_LocalRotation.x
      value: .0871557519
      objectReference: {fileID: 0}
    - target: {fileID: 400002, guid: baec086904791744185aaa07a6cf55c2, type: 2}
      propertyPath: m_LocalRotation.w
      value: .99619472
      objectReference: {fileID: 0}
    - target: {fileID: 11400000, guid: baec086904791744185aaa07a6cf55c2, type: 2}
      propertyPath: m_FollowTilt
      value: 0
      objectReference: {fileID: 0}
    - target: {fileID: 11400000, guid: baec086904791744185aaa07a6cf55c2, type: 2}
      propertyPath: m_SpinTurnLimit
      value: 360
      objectReference: {fileID: 0}
    - target: {fileID: 100002, guid: baec086904791744185aaa07a6cf55c2, type: 2}
      propertyPath: m_Layer
      value: 9
      objectReference: {fileID: 0}
    m_RemovedComponents: []
  m_ParentPrefab: {fileID: 100100000, guid: baec086904791744185aaa07a6cf55c2, type: 2}
  m_IsPrefabParent: 0
--- !u!20 &251457940 stripped
Camera:
  m_PrefabParentObject: {fileID: 2000000, guid: baec086904791744185aaa07a6cf55c2,
    type: 2}
  m_PrefabInternal: {fileID: 1795118099}
--- !u!1 &272892253
GameObject:
  m_ObjectHideFlags: 0
  m_PrefabParentObject: {fileID: 0}
  m_PrefabInternal: {fileID: 0}
  serializedVersion: 4
  m_Component:
  - 4: {fileID: 272892254}
  - 114: {fileID: 272892256}
  - 65: {fileID: 272892255}
  m_Layer: 0
  m_Name: RespawnPoint
  m_TagString: Respawn 1
  m_Icon: {fileID: 0}
  m_NavMeshLayer: 0
  m_StaticEditorFlags: 0
  m_IsActive: 1
--- !u!4 &272892254
Transform:
  m_ObjectHideFlags: 0
  m_PrefabParentObject: {fileID: 0}
  m_PrefabInternal: {fileID: 0}
  m_GameObject: {fileID: 272892253}
  m_LocalRotation: {x: 0, y: 0, z: 0, w: 1}
  m_LocalPosition: {x: -6.69999981, y: 0, z: -14.5}
  m_LocalScale: {x: 1, y: 1, z: 1}
  m_Children: []
  m_Father: {fileID: 0}
  m_RootOrder: 2
--- !u!65 &272892255
BoxCollider:
  m_ObjectHideFlags: 0
  m_PrefabParentObject: {fileID: 0}
  m_PrefabInternal: {fileID: 0}
  m_GameObject: {fileID: 272892253}
  m_Material: {fileID: 0}
  m_IsTrigger: 1
  m_Enabled: 1
  serializedVersion: 2
  m_Size: {x: 1.5, y: 1.5, z: 1.5}
  m_Center: {x: 0, y: .75, z: 0}
--- !u!114 &272892256
MonoBehaviour:
  m_ObjectHideFlags: 0
  m_PrefabParentObject: {fileID: 0}
  m_PrefabInternal: {fileID: 0}
  m_GameObject: {fileID: 272892253}
  m_Enabled: 1
  m_EditorHideFlags: 0
  m_Script: {fileID: 11500000, guid: b92b9d238d9814485a1b5db6d3d76e62, type: 3}
  m_Name: 
  m_EditorClassIdentifier: 
  isFree: 1
--- !u!1 &293133197
GameObject:
  m_ObjectHideFlags: 0
  m_PrefabParentObject: {fileID: 0}
  m_PrefabInternal: {fileID: 0}
  serializedVersion: 4
  m_Component:
  - 4: {fileID: 293133199}
  - 114: {fileID: 293133198}
  m_Layer: 0
  m_Name: PlayerController (3)
  m_TagString: Controller 4
  m_Icon: {fileID: 0}
  m_NavMeshLayer: 0
  m_StaticEditorFlags: 0
  m_IsActive: 1
--- !u!114 &293133198
MonoBehaviour:
  m_ObjectHideFlags: 0
  m_PrefabParentObject: {fileID: 0}
  m_PrefabInternal: {fileID: 0}
  m_GameObject: {fileID: 293133197}
  m_Enabled: 1
  m_EditorHideFlags: 0
  m_Script: {fileID: 11500000, guid: 85066ed7d86c55a48ad9de6441f54832, type: 3}
  m_Name: 
  m_EditorClassIdentifier: 
  isCarActive: 1
  currentHp: 0
  currentSpeed: 0
  currentPlayer: 4
  currentCarType: 
  lives: 0
--- !u!4 &293133199
Transform:
  m_ObjectHideFlags: 0
  m_PrefabParentObject: {fileID: 0}
  m_PrefabInternal: {fileID: 0}
  m_GameObject: {fileID: 293133197}
  m_LocalRotation: {x: 0, y: 0, z: 0, w: 1}
  m_LocalPosition: {x: -48.551403, y: -13.3750534, z: 43.5708618}
  m_LocalScale: {x: 1, y: 1, z: 1}
  m_Children: []
  m_Father: {fileID: 0}
  m_RootOrder: 27
--- !u!1 &507791874
GameObject:
  m_ObjectHideFlags: 0
  m_PrefabParentObject: {fileID: 0}
  m_PrefabInternal: {fileID: 0}
  serializedVersion: 4
  m_Component:
  - 4: {fileID: 507791875}
  - 114: {fileID: 507791877}
  - 65: {fileID: 507791876}
  m_Layer: 0
  m_Name: RespawnPoint (3)
  m_TagString: Respawn 4
  m_Icon: {fileID: 0}
  m_NavMeshLayer: 0
  m_StaticEditorFlags: 0
  m_IsActive: 1
--- !u!4 &507791875
Transform:
  m_ObjectHideFlags: 0
  m_PrefabParentObject: {fileID: 0}
  m_PrefabInternal: {fileID: 0}
  m_GameObject: {fileID: 507791874}
  m_LocalRotation: {x: 0, y: 0, z: 0, w: 1}
  m_LocalPosition: {x: 24.9200001, y: 0, z: 16.6100006}
  m_LocalScale: {x: 1, y: 1, z: 1}
  m_Children: []
  m_Father: {fileID: 0}
  m_RootOrder: 5
--- !u!65 &507791876
BoxCollider:
  m_ObjectHideFlags: 0
  m_PrefabParentObject: {fileID: 0}
  m_PrefabInternal: {fileID: 0}
  m_GameObject: {fileID: 507791874}
  m_Material: {fileID: 0}
  m_IsTrigger: 1
  m_Enabled: 1
  serializedVersion: 2
  m_Size: {x: 1.5, y: 1.5, z: 1.5}
  m_Center: {x: 0, y: .75, z: 0}
--- !u!114 &507791877
MonoBehaviour:
  m_ObjectHideFlags: 0
  m_PrefabParentObject: {fileID: 0}
  m_PrefabInternal: {fileID: 0}
  m_GameObject: {fileID: 507791874}
  m_Enabled: 1
  m_EditorHideFlags: 0
  m_Script: {fileID: 11500000, guid: b92b9d238d9814485a1b5db6d3d76e62, type: 3}
  m_Name: 
  m_EditorClassIdentifier: 
  isFree: 1
--- !u!1 &526174965
GameObject:
  m_ObjectHideFlags: 0
  m_PrefabParentObject: {fileID: 0}
  m_PrefabInternal: {fileID: 0}
  serializedVersion: 4
  m_Component:
  - 4: {fileID: 526174968}
  - 114: {fileID: 526174967}
  - 65: {fileID: 526174966}
  m_Layer: 0
  m_Name: RespawnPoint (5)
  m_TagString: Respawn 6
  m_Icon: {fileID: 0}
  m_NavMeshLayer: 0
  m_StaticEditorFlags: 0
  m_IsActive: 1
--- !u!65 &526174966
BoxCollider:
  m_ObjectHideFlags: 0
  m_PrefabParentObject: {fileID: 0}
  m_PrefabInternal: {fileID: 0}
  m_GameObject: {fileID: 526174965}
  m_Material: {fileID: 0}
  m_IsTrigger: 1
  m_Enabled: 1
  serializedVersion: 2
  m_Size: {x: 1.5, y: 1.5, z: 1.5}
  m_Center: {x: 0, y: .75, z: 0}
--- !u!114 &526174967
MonoBehaviour:
  m_ObjectHideFlags: 0
  m_PrefabParentObject: {fileID: 0}
  m_PrefabInternal: {fileID: 0}
  m_GameObject: {fileID: 526174965}
  m_Enabled: 1
  m_EditorHideFlags: 0
  m_Script: {fileID: 11500000, guid: b92b9d238d9814485a1b5db6d3d76e62, type: 3}
  m_Name: 
  m_EditorClassIdentifier: 
  isFree: 1
--- !u!4 &526174968
Transform:
  m_ObjectHideFlags: 0
  m_PrefabParentObject: {fileID: 0}
  m_PrefabInternal: {fileID: 0}
  m_GameObject: {fileID: 526174965}
  m_LocalRotation: {x: 0, y: 0, z: 0, w: 1}
  m_LocalPosition: {x: 10, y: 0, z: -40.2999992}
  m_LocalScale: {x: 1, y: 1, z: 1}
  m_Children: []
  m_Father: {fileID: 0}
  m_RootOrder: 7
--- !u!1 &639041670
GameObject:
  m_ObjectHideFlags: 0
  m_PrefabParentObject: {fileID: 0}
  m_PrefabInternal: {fileID: 0}
  serializedVersion: 4
  m_Component:
  - 4: {fileID: 639041671}
  - 114: {fileID: 639041672}
  m_Layer: 0
  m_Name: cameraTarget 1
  m_TagString: CameraTarget 1
  m_Icon: {fileID: 0}
  m_NavMeshLayer: 0
  m_StaticEditorFlags: 0
  m_IsActive: 1
--- !u!4 &639041671
Transform:
  m_ObjectHideFlags: 0
  m_PrefabParentObject: {fileID: 0}
  m_PrefabInternal: {fileID: 0}
  m_GameObject: {fileID: 639041670}
  m_LocalRotation: {x: 0, y: 0, z: 0, w: 1}
  m_LocalPosition: {x: -7.30000019, y: 2.79999995, z: 0}
  m_LocalScale: {x: 1, y: 1, z: 1}
  m_Children: []
  m_Father: {fileID: 0}
  m_RootOrder: 12
--- !u!114 &639041672
MonoBehaviour:
  m_ObjectHideFlags: 0
  m_PrefabParentObject: {fileID: 0}
  m_PrefabInternal: {fileID: 0}
  m_GameObject: {fileID: 639041670}
  m_Enabled: 1
  m_EditorHideFlags: 0
  m_Script: {fileID: 11500000, guid: 76a9abbde708d564796f2bea3a0acaeb, type: 3}
  m_Name: 
  m_EditorClassIdentifier: 
  cameraTarget: 1
--- !u!1001 &668481395
Prefab:
  m_ObjectHideFlags: 0
  serializedVersion: 2
  m_Modification:
    m_TransformParent: {fileID: 0}
    m_Modifications:
    - target: {fileID: 22445234, guid: e430ddef1dd50424c9fb45214804d28c, type: 2}
      propertyPath: m_LocalPosition.x
      value: 0
      objectReference: {fileID: 0}
    - target: {fileID: 22445234, guid: e430ddef1dd50424c9fb45214804d28c, type: 2}
      propertyPath: m_LocalPosition.y
      value: 0
      objectReference: {fileID: 0}
    - target: {fileID: 22445234, guid: e430ddef1dd50424c9fb45214804d28c, type: 2}
      propertyPath: m_LocalPosition.z
      value: 0
      objectReference: {fileID: 0}
    - target: {fileID: 22445234, guid: e430ddef1dd50424c9fb45214804d28c, type: 2}
      propertyPath: m_LocalRotation.x
      value: 0
      objectReference: {fileID: 0}
    - target: {fileID: 22445234, guid: e430ddef1dd50424c9fb45214804d28c, type: 2}
      propertyPath: m_LocalRotation.y
      value: 0
      objectReference: {fileID: 0}
    - target: {fileID: 22445234, guid: e430ddef1dd50424c9fb45214804d28c, type: 2}
      propertyPath: m_LocalRotation.z
      value: 0
      objectReference: {fileID: 0}
    - target: {fileID: 22445234, guid: e430ddef1dd50424c9fb45214804d28c, type: 2}
      propertyPath: m_LocalRotation.w
      value: 1
      objectReference: {fileID: 0}
    - target: {fileID: 22445234, guid: e430ddef1dd50424c9fb45214804d28c, type: 2}
      propertyPath: m_RootOrder
      value: 19
      objectReference: {fileID: 0}
    - target: {fileID: 22445234, guid: e430ddef1dd50424c9fb45214804d28c, type: 2}
      propertyPath: m_AnchoredPosition.x
      value: 0
      objectReference: {fileID: 0}
    - target: {fileID: 22445234, guid: e430ddef1dd50424c9fb45214804d28c, type: 2}
      propertyPath: m_AnchoredPosition.y
      value: 0
      objectReference: {fileID: 0}
    - target: {fileID: 22445234, guid: e430ddef1dd50424c9fb45214804d28c, type: 2}
      propertyPath: m_SizeDelta.x
      value: 0
      objectReference: {fileID: 0}
    - target: {fileID: 22445234, guid: e430ddef1dd50424c9fb45214804d28c, type: 2}
      propertyPath: m_SizeDelta.y
      value: 0
      objectReference: {fileID: 0}
    - target: {fileID: 22445234, guid: e430ddef1dd50424c9fb45214804d28c, type: 2}
      propertyPath: m_AnchorMin.x
      value: 0
      objectReference: {fileID: 0}
    - target: {fileID: 22445234, guid: e430ddef1dd50424c9fb45214804d28c, type: 2}
      propertyPath: m_AnchorMin.y
      value: 0
      objectReference: {fileID: 0}
    - target: {fileID: 22445234, guid: e430ddef1dd50424c9fb45214804d28c, type: 2}
      propertyPath: m_AnchorMax.x
      value: 0
      objectReference: {fileID: 0}
    - target: {fileID: 22445234, guid: e430ddef1dd50424c9fb45214804d28c, type: 2}
      propertyPath: m_AnchorMax.y
      value: 0
      objectReference: {fileID: 0}
    - target: {fileID: 22445234, guid: e430ddef1dd50424c9fb45214804d28c, type: 2}
      propertyPath: m_Pivot.x
      value: 0
      objectReference: {fileID: 0}
    - target: {fileID: 22445234, guid: e430ddef1dd50424c9fb45214804d28c, type: 2}
      propertyPath: m_Pivot.y
      value: 0
      objectReference: {fileID: 0}
    - target: {fileID: 11494104, guid: e430ddef1dd50424c9fb45214804d28c, type: 2}
      propertyPath: m_MatchWidthOrHeight
      value: 0
      objectReference: {fileID: 0}
    - target: {fileID: 170882, guid: e430ddef1dd50424c9fb45214804d28c, type: 2}
      propertyPath: m_TagString
      value: HUD 3
      objectReference: {fileID: 0}
    - target: {fileID: 170882, guid: e430ddef1dd50424c9fb45214804d28c, type: 2}
      propertyPath: m_Name
      value: PlayerHud (2)
      objectReference: {fileID: 0}
    - target: {fileID: 22322540, guid: e430ddef1dd50424c9fb45214804d28c, type: 2}
      propertyPath: m_RenderMode
      value: 0
      objectReference: {fileID: 0}
    - target: {fileID: 22322540, guid: e430ddef1dd50424c9fb45214804d28c, type: 2}
      propertyPath: m_Camera
      value: 
      objectReference: {fileID: 1089245451}
    - target: {fileID: 170882, guid: e430ddef1dd50424c9fb45214804d28c, type: 2}
      propertyPath: m_Layer
      value: 11
      objectReference: {fileID: 0}
    - target: {fileID: 125928, guid: e430ddef1dd50424c9fb45214804d28c, type: 2}
      propertyPath: m_Layer
      value: 11
      objectReference: {fileID: 0}
    - target: {fileID: 123424, guid: e430ddef1dd50424c9fb45214804d28c, type: 2}
      propertyPath: m_Layer
      value: 11
      objectReference: {fileID: 0}
    - target: {fileID: 139946, guid: e430ddef1dd50424c9fb45214804d28c, type: 2}
      propertyPath: m_Layer
      value: 11
      objectReference: {fileID: 0}
    - target: {fileID: 195374, guid: e430ddef1dd50424c9fb45214804d28c, type: 2}
      propertyPath: m_Layer
      value: 11
      objectReference: {fileID: 0}
    - target: {fileID: 112540, guid: e430ddef1dd50424c9fb45214804d28c, type: 2}
      propertyPath: m_Layer
      value: 11
      objectReference: {fileID: 0}
    - target: {fileID: 11494104, guid: e430ddef1dd50424c9fb45214804d28c, type: 2}
      propertyPath: m_ReferenceResolution.x
      value: 1600
      objectReference: {fileID: 0}
    - target: {fileID: 11494104, guid: e430ddef1dd50424c9fb45214804d28c, type: 2}
      propertyPath: m_ReferenceResolution.y
      value: 1200
      objectReference: {fileID: 0}
    - target: {fileID: 11419068, guid: e430ddef1dd50424c9fb45214804d28c, type: 2}
      propertyPath: HP
      value: 100
      objectReference: {fileID: 0}
    - target: {fileID: 22322540, guid: e430ddef1dd50424c9fb45214804d28c, type: 2}
      propertyPath: m_SortingOrder
      value: 0
      objectReference: {fileID: 0}
    - target: {fileID: 22322540, guid: e430ddef1dd50424c9fb45214804d28c, type: 2}
      propertyPath: m_SortingLayerID
      value: -585571491
      objectReference: {fileID: 0}
    - target: {fileID: 22493864, guid: e430ddef1dd50424c9fb45214804d28c, type: 2}
      propertyPath: m_AnchoredPosition.x
      value: -390
      objectReference: {fileID: 0}
    - target: {fileID: 22493864, guid: e430ddef1dd50424c9fb45214804d28c, type: 2}
      propertyPath: m_AnchoredPosition.y
      value: -390
      objectReference: {fileID: 0}
    - target: {fileID: 22493422, guid: e430ddef1dd50424c9fb45214804d28c, type: 2}
      propertyPath: m_AnchoredPosition.x
      value: -725
      objectReference: {fileID: 0}
    - target: {fileID: 22493422, guid: e430ddef1dd50424c9fb45214804d28c, type: 2}
      propertyPath: m_AnchoredPosition.y
      value: -70
      objectReference: {fileID: 0}
    - target: {fileID: 22484712, guid: e430ddef1dd50424c9fb45214804d28c, type: 2}
      propertyPath: m_AnchoredPosition.y
      value: -70
      objectReference: {fileID: 0}
    - target: {fileID: 22407028, guid: e430ddef1dd50424c9fb45214804d28c, type: 2}
      propertyPath: m_AnchoredPosition.y
      value: -70
      objectReference: {fileID: 0}
    - target: {fileID: 22436558, guid: e430ddef1dd50424c9fb45214804d28c, type: 2}
      propertyPath: m_AnchoredPosition.y
      value: -70
      objectReference: {fileID: 0}
    - target: {fileID: 22484712, guid: e430ddef1dd50424c9fb45214804d28c, type: 2}
      propertyPath: m_AnchoredPosition.x
      value: -114
      objectReference: {fileID: 0}
    - target: {fileID: 22407028, guid: e430ddef1dd50424c9fb45214804d28c, type: 2}
      propertyPath: m_AnchoredPosition.x
      value: -75
      objectReference: {fileID: 0}
    - target: {fileID: 22436558, guid: e430ddef1dd50424c9fb45214804d28c, type: 2}
      propertyPath: m_AnchoredPosition.x
      value: -153
      objectReference: {fileID: 0}
    - target: {fileID: 11419068, guid: e430ddef1dd50424c9fb45214804d28c, type: 2}
      propertyPath: Life1
      value: 
      objectReference: {fileID: 668481397}
    - target: {fileID: 11419068, guid: e430ddef1dd50424c9fb45214804d28c, type: 2}
      propertyPath: Life2
      value: 
      objectReference: {fileID: 668481396}
    - target: {fileID: 11419068, guid: e430ddef1dd50424c9fb45214804d28c, type: 2}
      propertyPath: Life3
      value: 
      objectReference: {fileID: 668481398}
    m_RemovedComponents: []
  m_ParentPrefab: {fileID: 100100000, guid: e430ddef1dd50424c9fb45214804d28c, type: 2}
  m_IsPrefabParent: 0
--- !u!1 &668481396 stripped
GameObject:
  m_PrefabParentObject: {fileID: 139946, guid: e430ddef1dd50424c9fb45214804d28c, type: 2}
  m_PrefabInternal: {fileID: 668481395}
--- !u!1 &668481397 stripped
GameObject:
  m_PrefabParentObject: {fileID: 112540, guid: e430ddef1dd50424c9fb45214804d28c, type: 2}
  m_PrefabInternal: {fileID: 668481395}
--- !u!1 &668481398 stripped
GameObject:
  m_PrefabParentObject: {fileID: 195374, guid: e430ddef1dd50424c9fb45214804d28c, type: 2}
  m_PrefabInternal: {fileID: 668481395}
--- !u!1001 &676754424
Prefab:
  m_ObjectHideFlags: 0
  serializedVersion: 2
  m_Modification:
    m_TransformParent: {fileID: 0}
    m_Modifications:
    - target: {fileID: 400004, guid: baec086904791744185aaa07a6cf55c2, type: 2}
      propertyPath: m_LocalPosition.x
      value: 0
      objectReference: {fileID: 0}
    - target: {fileID: 400004, guid: baec086904791744185aaa07a6cf55c2, type: 2}
      propertyPath: m_LocalPosition.y
      value: 0
      objectReference: {fileID: 0}
    - target: {fileID: 400004, guid: baec086904791744185aaa07a6cf55c2, type: 2}
      propertyPath: m_LocalPosition.z
      value: 0
      objectReference: {fileID: 0}
    - target: {fileID: 400004, guid: baec086904791744185aaa07a6cf55c2, type: 2}
      propertyPath: m_LocalRotation.x
      value: 0
      objectReference: {fileID: 0}
    - target: {fileID: 400004, guid: baec086904791744185aaa07a6cf55c2, type: 2}
      propertyPath: m_LocalRotation.y
      value: 0
      objectReference: {fileID: 0}
    - target: {fileID: 400004, guid: baec086904791744185aaa07a6cf55c2, type: 2}
      propertyPath: m_LocalRotation.z
      value: 0
      objectReference: {fileID: 0}
    - target: {fileID: 400004, guid: baec086904791744185aaa07a6cf55c2, type: 2}
      propertyPath: m_LocalRotation.w
      value: 1
      objectReference: {fileID: 0}
    - target: {fileID: 400004, guid: baec086904791744185aaa07a6cf55c2, type: 2}
      propertyPath: m_RootOrder
      value: 10
      objectReference: {fileID: 0}
    - target: {fileID: 11400000, guid: baec086904791744185aaa07a6cf55c2, type: 2}
      propertyPath: m_Target
      value: 
      objectReference: {fileID: 2088113274}
    - target: {fileID: 100004, guid: baec086904791744185aaa07a6cf55c2, type: 2}
      propertyPath: m_Name
      value: MultipurposeCameraRig (2)
      objectReference: {fileID: 0}
    - target: {fileID: 100004, guid: baec086904791744185aaa07a6cf55c2, type: 2}
      propertyPath: m_TagString
      value: Camera 3
      objectReference: {fileID: 0}
    - target: {fileID: 2000000, guid: baec086904791744185aaa07a6cf55c2, type: 2}
      propertyPath: m_NormalizedViewPortRect.width
      value: .5
      objectReference: {fileID: 0}
    - target: {fileID: 2000000, guid: baec086904791744185aaa07a6cf55c2, type: 2}
      propertyPath: m_NormalizedViewPortRect.height
      value: .5
      objectReference: {fileID: 0}
    - target: {fileID: 8100000, guid: baec086904791744185aaa07a6cf55c2, type: 2}
      propertyPath: m_Enabled
      value: 0
      objectReference: {fileID: 0}
    - target: {fileID: 11400000, guid: baec086904791744185aaa07a6cf55c2, type: 2}
      propertyPath: m_FollowVelocity
      value: 0
      objectReference: {fileID: 0}
    - target: {fileID: 11400000, guid: baec086904791744185aaa07a6cf55c2, type: 2}
      propertyPath: m_AutoTargetPlayer
      value: 0
      objectReference: {fileID: 0}
    - target: {fileID: 100004, guid: baec086904791744185aaa07a6cf55c2, type: 2}
      propertyPath: m_IsActive
      value: 1
      objectReference: {fileID: 0}
    - target: {fileID: 2000000, guid: baec086904791744185aaa07a6cf55c2, type: 2}
      propertyPath: m_NormalizedViewPortRect.y
      value: 0
      objectReference: {fileID: 0}
    - target: {fileID: 2000000, guid: baec086904791744185aaa07a6cf55c2, type: 2}
      propertyPath: m_NormalizedViewPortRect.x
      value: 0
      objectReference: {fileID: 0}
    - target: {fileID: 11400000, guid: baec086904791744185aaa07a6cf55c2, type: 2}
      propertyPath: m_MoveSpeed
      value: 5
      objectReference: {fileID: 0}
    - target: {fileID: 11400000, guid: baec086904791744185aaa07a6cf55c2, type: 2}
      propertyPath: m_TurnSpeed
      value: 30
      objectReference: {fileID: 0}
    - target: {fileID: 400002, guid: baec086904791744185aaa07a6cf55c2, type: 2}
      propertyPath: m_LocalPosition.y
      value: 5
      objectReference: {fileID: 0}
    - target: {fileID: 400002, guid: baec086904791744185aaa07a6cf55c2, type: 2}
      propertyPath: m_LocalRotation.x
      value: .0871557519
      objectReference: {fileID: 0}
    - target: {fileID: 400002, guid: baec086904791744185aaa07a6cf55c2, type: 2}
      propertyPath: m_LocalRotation.w
      value: .99619472
      objectReference: {fileID: 0}
    - target: {fileID: 11400000, guid: baec086904791744185aaa07a6cf55c2, type: 2}
      propertyPath: m_FollowTilt
      value: 0
      objectReference: {fileID: 0}
    - target: {fileID: 11400000, guid: baec086904791744185aaa07a6cf55c2, type: 2}
      propertyPath: m_SpinTurnLimit
      value: 360
      objectReference: {fileID: 0}
    - target: {fileID: 100002, guid: baec086904791744185aaa07a6cf55c2, type: 2}
      propertyPath: m_Layer
      value: 10
      objectReference: {fileID: 0}
    m_RemovedComponents: []
  m_ParentPrefab: {fileID: 100100000, guid: baec086904791744185aaa07a6cf55c2, type: 2}
  m_IsPrefabParent: 0
--- !u!1001 &684512385
Prefab:
  m_ObjectHideFlags: 0
  serializedVersion: 2
  m_Modification:
    m_TransformParent: {fileID: 0}
    m_Modifications:
    - target: {fileID: 22445234, guid: e430ddef1dd50424c9fb45214804d28c, type: 2}
      propertyPath: m_LocalPosition.x
      value: 0
      objectReference: {fileID: 0}
    - target: {fileID: 22445234, guid: e430ddef1dd50424c9fb45214804d28c, type: 2}
      propertyPath: m_LocalPosition.y
      value: 0
      objectReference: {fileID: 0}
    - target: {fileID: 22445234, guid: e430ddef1dd50424c9fb45214804d28c, type: 2}
      propertyPath: m_LocalPosition.z
      value: 0
      objectReference: {fileID: 0}
    - target: {fileID: 22445234, guid: e430ddef1dd50424c9fb45214804d28c, type: 2}
      propertyPath: m_LocalRotation.x
      value: 0
      objectReference: {fileID: 0}
    - target: {fileID: 22445234, guid: e430ddef1dd50424c9fb45214804d28c, type: 2}
      propertyPath: m_LocalRotation.y
      value: 0
      objectReference: {fileID: 0}
    - target: {fileID: 22445234, guid: e430ddef1dd50424c9fb45214804d28c, type: 2}
      propertyPath: m_LocalRotation.z
      value: 0
      objectReference: {fileID: 0}
    - target: {fileID: 22445234, guid: e430ddef1dd50424c9fb45214804d28c, type: 2}
      propertyPath: m_LocalRotation.w
      value: 1
      objectReference: {fileID: 0}
    - target: {fileID: 22445234, guid: e430ddef1dd50424c9fb45214804d28c, type: 2}
      propertyPath: m_RootOrder
      value: 16
      objectReference: {fileID: 0}
    - target: {fileID: 22445234, guid: e430ddef1dd50424c9fb45214804d28c, type: 2}
      propertyPath: m_AnchoredPosition.x
      value: 0
      objectReference: {fileID: 0}
    - target: {fileID: 22445234, guid: e430ddef1dd50424c9fb45214804d28c, type: 2}
      propertyPath: m_AnchoredPosition.y
      value: 0
      objectReference: {fileID: 0}
    - target: {fileID: 22445234, guid: e430ddef1dd50424c9fb45214804d28c, type: 2}
      propertyPath: m_SizeDelta.x
      value: 0
      objectReference: {fileID: 0}
    - target: {fileID: 22445234, guid: e430ddef1dd50424c9fb45214804d28c, type: 2}
      propertyPath: m_SizeDelta.y
      value: 0
      objectReference: {fileID: 0}
    - target: {fileID: 22445234, guid: e430ddef1dd50424c9fb45214804d28c, type: 2}
      propertyPath: m_AnchorMin.x
      value: 0
      objectReference: {fileID: 0}
    - target: {fileID: 22445234, guid: e430ddef1dd50424c9fb45214804d28c, type: 2}
      propertyPath: m_AnchorMin.y
      value: 0
      objectReference: {fileID: 0}
    - target: {fileID: 22445234, guid: e430ddef1dd50424c9fb45214804d28c, type: 2}
      propertyPath: m_AnchorMax.x
      value: 0
      objectReference: {fileID: 0}
    - target: {fileID: 22445234, guid: e430ddef1dd50424c9fb45214804d28c, type: 2}
      propertyPath: m_AnchorMax.y
      value: 0
      objectReference: {fileID: 0}
    - target: {fileID: 22445234, guid: e430ddef1dd50424c9fb45214804d28c, type: 2}
      propertyPath: m_Pivot.x
      value: 0
      objectReference: {fileID: 0}
    - target: {fileID: 22445234, guid: e430ddef1dd50424c9fb45214804d28c, type: 2}
      propertyPath: m_Pivot.y
      value: 0
      objectReference: {fileID: 0}
    - target: {fileID: 11494104, guid: e430ddef1dd50424c9fb45214804d28c, type: 2}
      propertyPath: m_MatchWidthOrHeight
      value: 0
      objectReference: {fileID: 0}
    - target: {fileID: 170882, guid: e430ddef1dd50424c9fb45214804d28c, type: 2}
      propertyPath: m_TagString
      value: HUD 1
      objectReference: {fileID: 0}
    - target: {fileID: 11494104, guid: e430ddef1dd50424c9fb45214804d28c, type: 2}
      propertyPath: m_ScreenMatchMode
      value: 0
      objectReference: {fileID: 0}
    - target: {fileID: 11494104, guid: e430ddef1dd50424c9fb45214804d28c, type: 2}
      propertyPath: m_ReferenceResolution.x
      value: 1600
      objectReference: {fileID: 0}
    - target: {fileID: 11494104, guid: e430ddef1dd50424c9fb45214804d28c, type: 2}
      propertyPath: m_ReferenceResolution.y
      value: 1200
      objectReference: {fileID: 0}
    - target: {fileID: 22322540, guid: e430ddef1dd50424c9fb45214804d28c, type: 2}
      propertyPath: m_RenderMode
      value: 0
      objectReference: {fileID: 0}
    - target: {fileID: 22322540, guid: e430ddef1dd50424c9fb45214804d28c, type: 2}
      propertyPath: m_Camera
      value: 
      objectReference: {fileID: 251457940}
    - target: {fileID: 170882, guid: e430ddef1dd50424c9fb45214804d28c, type: 2}
      propertyPath: m_Layer
      value: 8
      objectReference: {fileID: 0}
    - target: {fileID: 125928, guid: e430ddef1dd50424c9fb45214804d28c, type: 2}
      propertyPath: m_Layer
      value: 8
      objectReference: {fileID: 0}
    - target: {fileID: 123424, guid: e430ddef1dd50424c9fb45214804d28c, type: 2}
      propertyPath: m_Layer
      value: 8
      objectReference: {fileID: 0}
    - target: {fileID: 139946, guid: e430ddef1dd50424c9fb45214804d28c, type: 2}
      propertyPath: m_Layer
      value: 8
      objectReference: {fileID: 0}
    - target: {fileID: 195374, guid: e430ddef1dd50424c9fb45214804d28c, type: 2}
      propertyPath: m_Layer
      value: 8
      objectReference: {fileID: 0}
    - target: {fileID: 112540, guid: e430ddef1dd50424c9fb45214804d28c, type: 2}
      propertyPath: m_Layer
      value: 8
      objectReference: {fileID: 0}
    - target: {fileID: 22322540, guid: e430ddef1dd50424c9fb45214804d28c, type: 2}
      propertyPath: m_SortingLayerID
      value: -585571491
      objectReference: {fileID: 0}
    - target: {fileID: 22493864, guid: e430ddef1dd50424c9fb45214804d28c, type: 2}
      propertyPath: m_AnchoredPosition.x
      value: -390
      objectReference: {fileID: 0}
    - target: {fileID: 22493864, guid: e430ddef1dd50424c9fb45214804d28c, type: 2}
      propertyPath: m_AnchoredPosition.y
      value: 120
      objectReference: {fileID: 0}
    - target: {fileID: 22493422, guid: e430ddef1dd50424c9fb45214804d28c, type: 2}
      propertyPath: m_AnchoredPosition.y
      value: 440
      objectReference: {fileID: 0}
    - target: {fileID: 22493422, guid: e430ddef1dd50424c9fb45214804d28c, type: 2}
      propertyPath: m_AnchoredPosition.x
      value: -725
      objectReference: {fileID: 0}
    - target: {fileID: 22484712, guid: e430ddef1dd50424c9fb45214804d28c, type: 2}
      propertyPath: m_AnchoredPosition.y
      value: 440
      objectReference: {fileID: 0}
    - target: {fileID: 22407028, guid: e430ddef1dd50424c9fb45214804d28c, type: 2}
      propertyPath: m_AnchoredPosition.y
      value: 440
      objectReference: {fileID: 0}
    - target: {fileID: 22436558, guid: e430ddef1dd50424c9fb45214804d28c, type: 2}
      propertyPath: m_AnchoredPosition.y
      value: 440
      objectReference: {fileID: 0}
    - target: {fileID: 22484712, guid: e430ddef1dd50424c9fb45214804d28c, type: 2}
      propertyPath: m_AnchoredPosition.x
      value: -114
      objectReference: {fileID: 0}
    - target: {fileID: 22407028, guid: e430ddef1dd50424c9fb45214804d28c, type: 2}
      propertyPath: m_AnchoredPosition.x
      value: -75
      objectReference: {fileID: 0}
    - target: {fileID: 22436558, guid: e430ddef1dd50424c9fb45214804d28c, type: 2}
      propertyPath: m_AnchoredPosition.x
      value: -153
      objectReference: {fileID: 0}
    - target: {fileID: 11419068, guid: e430ddef1dd50424c9fb45214804d28c, type: 2}
      propertyPath: Life1
      value: 
      objectReference: {fileID: 684512387}
    - target: {fileID: 11419068, guid: e430ddef1dd50424c9fb45214804d28c, type: 2}
      propertyPath: Life2
      value: 
      objectReference: {fileID: 684512386}
    - target: {fileID: 11419068, guid: e430ddef1dd50424c9fb45214804d28c, type: 2}
      propertyPath: Life3
      value: 
      objectReference: {fileID: 684512388}
    m_RemovedComponents: []
  m_ParentPrefab: {fileID: 100100000, guid: e430ddef1dd50424c9fb45214804d28c, type: 2}
  m_IsPrefabParent: 0
--- !u!1 &684512386 stripped
GameObject:
  m_PrefabParentObject: {fileID: 139946, guid: e430ddef1dd50424c9fb45214804d28c, type: 2}
  m_PrefabInternal: {fileID: 684512385}
--- !u!1 &684512387 stripped
GameObject:
  m_PrefabParentObject: {fileID: 112540, guid: e430ddef1dd50424c9fb45214804d28c, type: 2}
  m_PrefabInternal: {fileID: 684512385}
--- !u!1 &684512388 stripped
GameObject:
  m_PrefabParentObject: {fileID: 195374, guid: e430ddef1dd50424c9fb45214804d28c, type: 2}
  m_PrefabInternal: {fileID: 684512385}
--- !u!20 &749373860 stripped
Camera:
  m_PrefabParentObject: {fileID: 2000000, guid: baec086904791744185aaa07a6cf55c2,
    type: 2}
  m_PrefabInternal: {fileID: 43219071}
--- !u!1001 &901994421
Prefab:
  m_ObjectHideFlags: 0
  serializedVersion: 2
  m_Modification:
    m_TransformParent: {fileID: 0}
    m_Modifications:
    - target: {fileID: 480774, guid: 3d17b31d3cbee4bb3a44883b3050241e, type: 2}
      propertyPath: m_LocalPosition.x
      value: 29.8787155
      objectReference: {fileID: 0}
    - target: {fileID: 480774, guid: 3d17b31d3cbee4bb3a44883b3050241e, type: 2}
      propertyPath: m_LocalPosition.y
      value: 1.1333189
      objectReference: {fileID: 0}
    - target: {fileID: 480774, guid: 3d17b31d3cbee4bb3a44883b3050241e, type: 2}
      propertyPath: m_LocalPosition.z
      value: 49.135952
      objectReference: {fileID: 0}
    - target: {fileID: 480774, guid: 3d17b31d3cbee4bb3a44883b3050241e, type: 2}
      propertyPath: m_LocalRotation.x
      value: 0
      objectReference: {fileID: 0}
    - target: {fileID: 480774, guid: 3d17b31d3cbee4bb3a44883b3050241e, type: 2}
      propertyPath: m_LocalRotation.y
      value: 0
      objectReference: {fileID: 0}
    - target: {fileID: 480774, guid: 3d17b31d3cbee4bb3a44883b3050241e, type: 2}
      propertyPath: m_LocalRotation.z
      value: 0
      objectReference: {fileID: 0}
    - target: {fileID: 480774, guid: 3d17b31d3cbee4bb3a44883b3050241e, type: 2}
      propertyPath: m_LocalRotation.w
      value: 1
      objectReference: {fileID: 0}
    - target: {fileID: 480774, guid: 3d17b31d3cbee4bb3a44883b3050241e, type: 2}
      propertyPath: m_RootOrder
      value: 22
      objectReference: {fileID: 0}
    - target: {fileID: 119642, guid: 3d17b31d3cbee4bb3a44883b3050241e, type: 2}
      propertyPath: m_Name
      value: CarVanilla (2)
      objectReference: {fileID: 0}
    - target: {fileID: 119642, guid: 3d17b31d3cbee4bb3a44883b3050241e, type: 2}
      propertyPath: m_TagString
      value: Player 3
      objectReference: {fileID: 0}
    m_RemovedComponents: []
  m_ParentPrefab: {fileID: 100100000, guid: 3d17b31d3cbee4bb3a44883b3050241e, type: 2}
  m_IsPrefabParent: 0
--- !u!1 &1074500826
GameObject:
  m_ObjectHideFlags: 0
  m_PrefabParentObject: {fileID: 0}
  m_PrefabInternal: {fileID: 0}
  serializedVersion: 4
  m_Component:
  - 4: {fileID: 1074500827}
  - 114: {fileID: 1074500828}
  m_Layer: 0
  m_Name: cameraTarget 1 (1)
  m_TagString: CameraTarget 2
  m_Icon: {fileID: 0}
  m_NavMeshLayer: 0
  m_StaticEditorFlags: 0
  m_IsActive: 1
--- !u!4 &1074500827
Transform:
  m_ObjectHideFlags: 0
  m_PrefabParentObject: {fileID: 0}
  m_PrefabInternal: {fileID: 0}
  m_GameObject: {fileID: 1074500826}
  m_LocalRotation: {x: 0, y: 0, z: 0, w: 1}
  m_LocalPosition: {x: -7.30000019, y: 2.79999995, z: 0}
  m_LocalScale: {x: 1, y: 1, z: 1}
  m_Children: []
  m_Father: {fileID: 0}
  m_RootOrder: 14
--- !u!114 &1074500828
MonoBehaviour:
  m_ObjectHideFlags: 0
  m_PrefabParentObject: {fileID: 0}
  m_PrefabInternal: {fileID: 0}
  m_GameObject: {fileID: 1074500826}
  m_Enabled: 1
  m_EditorHideFlags: 0
  m_Script: {fileID: 11500000, guid: 76a9abbde708d564796f2bea3a0acaeb, type: 3}
  m_Name: 
  m_EditorClassIdentifier: 
  cameraTarget: 2
--- !u!20 &1089245451 stripped
Camera:
  m_PrefabParentObject: {fileID: 2000000, guid: baec086904791744185aaa07a6cf55c2,
    type: 2}
  m_PrefabInternal: {fileID: 676754424}
--- !u!1 &1111788538
GameObject:
  m_ObjectHideFlags: 0
  m_PrefabParentObject: {fileID: 0}
  m_PrefabInternal: {fileID: 0}
  serializedVersion: 4
  m_Component:
  - 4: {fileID: 1111788540}
  - 114: {fileID: 1111788539}
  m_Layer: 0
  m_Name: PlayerController
  m_TagString: Controller 1
  m_Icon: {fileID: 0}
  m_NavMeshLayer: 0
  m_StaticEditorFlags: 0
  m_IsActive: 1
--- !u!114 &1111788539
MonoBehaviour:
  m_ObjectHideFlags: 0
  m_PrefabParentObject: {fileID: 0}
  m_PrefabInternal: {fileID: 0}
  m_GameObject: {fileID: 1111788538}
  m_Enabled: 1
  m_EditorHideFlags: 0
  m_Script: {fileID: 11500000, guid: 85066ed7d86c55a48ad9de6441f54832, type: 3}
  m_Name: 
  m_EditorClassIdentifier: 
  isCarActive: 1
  currentHp: 0
  currentSpeed: 0
  currentPlayer: 1
  currentCarType: 
  lives: 0
--- !u!4 &1111788540
Transform:
  m_ObjectHideFlags: 0
  m_PrefabParentObject: {fileID: 0}
  m_PrefabInternal: {fileID: 0}
  m_GameObject: {fileID: 1111788538}
  m_LocalRotation: {x: 0, y: 0, z: 0, w: 1}
  m_LocalPosition: {x: -48.551403, y: -13.3750534, z: 43.5708618}
  m_LocalScale: {x: 1, y: 1, z: 1}
  m_Children: []
  m_Father: {fileID: 0}
  m_RootOrder: 24
--- !u!20 &1385119912 stripped
Camera:
  m_PrefabParentObject: {fileID: 2000000, guid: baec086904791744185aaa07a6cf55c2,
    type: 2}
  m_PrefabInternal: {fileID: 211917842}
--- !u!1001 &1481961811
Prefab:
  m_ObjectHideFlags: 0
  serializedVersion: 2
  m_Modification:
    m_TransformParent: {fileID: 0}
    m_Modifications:
    - target: {fileID: 22445234, guid: e430ddef1dd50424c9fb45214804d28c, type: 2}
      propertyPath: m_LocalPosition.x
      value: 0
      objectReference: {fileID: 0}
    - target: {fileID: 22445234, guid: e430ddef1dd50424c9fb45214804d28c, type: 2}
      propertyPath: m_LocalPosition.y
      value: 0
      objectReference: {fileID: 0}
    - target: {fileID: 22445234, guid: e430ddef1dd50424c9fb45214804d28c, type: 2}
      propertyPath: m_LocalPosition.z
      value: 0
      objectReference: {fileID: 0}
    - target: {fileID: 22445234, guid: e430ddef1dd50424c9fb45214804d28c, type: 2}
      propertyPath: m_LocalRotation.x
      value: 0
      objectReference: {fileID: 0}
    - target: {fileID: 22445234, guid: e430ddef1dd50424c9fb45214804d28c, type: 2}
      propertyPath: m_LocalRotation.y
      value: 0
      objectReference: {fileID: 0}
    - target: {fileID: 22445234, guid: e430ddef1dd50424c9fb45214804d28c, type: 2}
      propertyPath: m_LocalRotation.z
      value: 0
      objectReference: {fileID: 0}
    - target: {fileID: 22445234, guid: e430ddef1dd50424c9fb45214804d28c, type: 2}
      propertyPath: m_LocalRotation.w
      value: 1
      objectReference: {fileID: 0}
    - target: {fileID: 22445234, guid: e430ddef1dd50424c9fb45214804d28c, type: 2}
      propertyPath: m_RootOrder
      value: 18
      objectReference: {fileID: 0}
    - target: {fileID: 22445234, guid: e430ddef1dd50424c9fb45214804d28c, type: 2}
      propertyPath: m_AnchoredPosition.x
      value: 0
      objectReference: {fileID: 0}
    - target: {fileID: 22445234, guid: e430ddef1dd50424c9fb45214804d28c, type: 2}
      propertyPath: m_AnchoredPosition.y
      value: 0
      objectReference: {fileID: 0}
    - target: {fileID: 22445234, guid: e430ddef1dd50424c9fb45214804d28c, type: 2}
      propertyPath: m_SizeDelta.x
      value: 0
      objectReference: {fileID: 0}
    - target: {fileID: 22445234, guid: e430ddef1dd50424c9fb45214804d28c, type: 2}
      propertyPath: m_SizeDelta.y
      value: 0
      objectReference: {fileID: 0}
    - target: {fileID: 22445234, guid: e430ddef1dd50424c9fb45214804d28c, type: 2}
      propertyPath: m_AnchorMin.x
      value: 0
      objectReference: {fileID: 0}
    - target: {fileID: 22445234, guid: e430ddef1dd50424c9fb45214804d28c, type: 2}
      propertyPath: m_AnchorMin.y
      value: 0
      objectReference: {fileID: 0}
    - target: {fileID: 22445234, guid: e430ddef1dd50424c9fb45214804d28c, type: 2}
      propertyPath: m_AnchorMax.x
      value: 0
      objectReference: {fileID: 0}
    - target: {fileID: 22445234, guid: e430ddef1dd50424c9fb45214804d28c, type: 2}
      propertyPath: m_AnchorMax.y
      value: 0
      objectReference: {fileID: 0}
    - target: {fileID: 22445234, guid: e430ddef1dd50424c9fb45214804d28c, type: 2}
      propertyPath: m_Pivot.x
      value: 0
      objectReference: {fileID: 0}
    - target: {fileID: 22445234, guid: e430ddef1dd50424c9fb45214804d28c, type: 2}
      propertyPath: m_Pivot.y
      value: 0
      objectReference: {fileID: 0}
    - target: {fileID: 11494104, guid: e430ddef1dd50424c9fb45214804d28c, type: 2}
      propertyPath: m_MatchWidthOrHeight
      value: 0
      objectReference: {fileID: 0}
    - target: {fileID: 170882, guid: e430ddef1dd50424c9fb45214804d28c, type: 2}
      propertyPath: m_TagString
      value: HUD 4
      objectReference: {fileID: 0}
    - target: {fileID: 170882, guid: e430ddef1dd50424c9fb45214804d28c, type: 2}
      propertyPath: m_Name
      value: PlayerHud (3)
      objectReference: {fileID: 0}
    - target: {fileID: 22322540, guid: e430ddef1dd50424c9fb45214804d28c, type: 2}
      propertyPath: m_RenderMode
      value: 0
      objectReference: {fileID: 0}
    - target: {fileID: 22322540, guid: e430ddef1dd50424c9fb45214804d28c, type: 2}
      propertyPath: m_Camera
      value: 
      objectReference: {fileID: 749373860}
    - target: {fileID: 112540, guid: e430ddef1dd50424c9fb45214804d28c, type: 2}
      propertyPath: m_Layer
      value: 10
      objectReference: {fileID: 0}
    - target: {fileID: 195374, guid: e430ddef1dd50424c9fb45214804d28c, type: 2}
      propertyPath: m_Layer
      value: 10
      objectReference: {fileID: 0}
    - target: {fileID: 139946, guid: e430ddef1dd50424c9fb45214804d28c, type: 2}
      propertyPath: m_Layer
      value: 10
      objectReference: {fileID: 0}
    - target: {fileID: 123424, guid: e430ddef1dd50424c9fb45214804d28c, type: 2}
      propertyPath: m_Layer
      value: 10
      objectReference: {fileID: 0}
    - target: {fileID: 125928, guid: e430ddef1dd50424c9fb45214804d28c, type: 2}
      propertyPath: m_Layer
      value: 10
      objectReference: {fileID: 0}
    - target: {fileID: 170882, guid: e430ddef1dd50424c9fb45214804d28c, type: 2}
      propertyPath: m_Layer
      value: 10
      objectReference: {fileID: 0}
    - target: {fileID: 11494104, guid: e430ddef1dd50424c9fb45214804d28c, type: 2}
      propertyPath: m_ReferenceResolution.x
      value: 1600
      objectReference: {fileID: 0}
    - target: {fileID: 11494104, guid: e430ddef1dd50424c9fb45214804d28c, type: 2}
      propertyPath: m_ReferenceResolution.y
      value: 200
      objectReference: {fileID: 0}
    - target: {fileID: 22322540, guid: e430ddef1dd50424c9fb45214804d28c, type: 2}
      propertyPath: m_SortingLayerID
      value: -585571491
      objectReference: {fileID: 0}
    - target: {fileID: 22493864, guid: e430ddef1dd50424c9fb45214804d28c, type: 2}
      propertyPath: m_AnchoredPosition.y
      value: -390
      objectReference: {fileID: 0}
    - target: {fileID: 22493864, guid: e430ddef1dd50424c9fb45214804d28c, type: 2}
      propertyPath: m_AnchoredPosition.x
      value: 390
      objectReference: {fileID: 0}
    - target: {fileID: 22493422, guid: e430ddef1dd50424c9fb45214804d28c, type: 2}
      propertyPath: m_AnchoredPosition.x
      value: 80
      objectReference: {fileID: 0}
    - target: {fileID: 22493422, guid: e430ddef1dd50424c9fb45214804d28c, type: 2}
      propertyPath: m_AnchoredPosition.y
      value: -70
      objectReference: {fileID: 0}
    - target: {fileID: 22407028, guid: e430ddef1dd50424c9fb45214804d28c, type: 2}
      propertyPath: m_AnchoredPosition.x
      value: 725
      objectReference: {fileID: 0}
    - target: {fileID: 22484712, guid: e430ddef1dd50424c9fb45214804d28c, type: 2}
      propertyPath: m_AnchoredPosition.x
      value: 686
      objectReference: {fileID: 0}
    - target: {fileID: 22436558, guid: e430ddef1dd50424c9fb45214804d28c, type: 2}
      propertyPath: m_AnchoredPosition.x
      value: 647
      objectReference: {fileID: 0}
    - target: {fileID: 22484712, guid: e430ddef1dd50424c9fb45214804d28c, type: 2}
      propertyPath: m_AnchoredPosition.y
      value: -70
      objectReference: {fileID: 0}
    - target: {fileID: 22407028, guid: e430ddef1dd50424c9fb45214804d28c, type: 2}
      propertyPath: m_AnchoredPosition.y
      value: -70
      objectReference: {fileID: 0}
    - target: {fileID: 22436558, guid: e430ddef1dd50424c9fb45214804d28c, type: 2}
      propertyPath: m_AnchoredPosition.y
      value: -70
      objectReference: {fileID: 0}
    - target: {fileID: 11419068, guid: e430ddef1dd50424c9fb45214804d28c, type: 2}
      propertyPath: Life1
      value: 
      objectReference: {fileID: 1481961812}
    - target: {fileID: 11419068, guid: e430ddef1dd50424c9fb45214804d28c, type: 2}
      propertyPath: Life2
      value: 
      objectReference: {fileID: 1481961814}
    - target: {fileID: 11419068, guid: e430ddef1dd50424c9fb45214804d28c, type: 2}
      propertyPath: Life3
      value: 
      objectReference: {fileID: 1481961813}
    m_RemovedComponents: []
  m_ParentPrefab: {fileID: 100100000, guid: e430ddef1dd50424c9fb45214804d28c, type: 2}
  m_IsPrefabParent: 0
--- !u!1 &1481961812 stripped
GameObject:
  m_PrefabParentObject: {fileID: 112540, guid: e430ddef1dd50424c9fb45214804d28c, type: 2}
  m_PrefabInternal: {fileID: 1481961811}
--- !u!1 &1481961813 stripped
GameObject:
  m_PrefabParentObject: {fileID: 195374, guid: e430ddef1dd50424c9fb45214804d28c, type: 2}
  m_PrefabInternal: {fileID: 1481961811}
--- !u!1 &1481961814 stripped
GameObject:
  m_PrefabParentObject: {fileID: 139946, guid: e430ddef1dd50424c9fb45214804d28c, type: 2}
  m_PrefabInternal: {fileID: 1481961811}
--- !u!1 &1538019116
GameObject:
  m_ObjectHideFlags: 0
  m_PrefabParentObject: {fileID: 0}
  m_PrefabInternal: {fileID: 0}
  serializedVersion: 4
  m_Component:
  - 4: {fileID: 1538019120}
  - 33: {fileID: 1538019119}
  - 64: {fileID: 1538019118}
  - 23: {fileID: 1538019117}
  m_Layer: 0
  m_Name: Plane
  m_TagString: Untagged
  m_Icon: {fileID: 0}
  m_NavMeshLayer: 0
  m_StaticEditorFlags: 0
  m_IsActive: 1
--- !u!23 &1538019117
MeshRenderer:
  m_ObjectHideFlags: 0
  m_PrefabParentObject: {fileID: 0}
  m_PrefabInternal: {fileID: 0}
  m_GameObject: {fileID: 1538019116}
  m_Enabled: 1
  m_CastShadows: 1
  m_ReceiveShadows: 1
  m_Materials:
  - {fileID: 10303, guid: 0000000000000000f000000000000000, type: 0}
  m_SubsetIndices: 
  m_StaticBatchRoot: {fileID: 0}
  m_UseLightProbes: 1
  m_ReflectionProbeUsage: 1
  m_ProbeAnchor: {fileID: 0}
  m_ScaleInLightmap: 1
  m_PreserveUVs: 1
  m_ImportantGI: 0
  m_AutoUVMaxDistance: .5
  m_AutoUVMaxAngle: 89
  m_LightmapParameters: {fileID: 0}
  m_SortingLayerID: 0
  m_SortingOrder: 0
--- !u!64 &1538019118
MeshCollider:
  m_ObjectHideFlags: 0
  m_PrefabParentObject: {fileID: 0}
  m_PrefabInternal: {fileID: 0}
  m_GameObject: {fileID: 1538019116}
  m_Material: {fileID: 0}
  m_IsTrigger: 0
  m_Enabled: 1
  serializedVersion: 2
  m_Convex: 0
  m_Mesh: {fileID: 10209, guid: 0000000000000000e000000000000000, type: 0}
--- !u!33 &1538019119
MeshFilter:
  m_ObjectHideFlags: 0
  m_PrefabParentObject: {fileID: 0}
  m_PrefabInternal: {fileID: 0}
  m_GameObject: {fileID: 1538019116}
  m_Mesh: {fileID: 10209, guid: 0000000000000000e000000000000000, type: 0}
--- !u!4 &1538019120
Transform:
  m_ObjectHideFlags: 0
  m_PrefabParentObject: {fileID: 0}
  m_PrefabInternal: {fileID: 0}
  m_GameObject: {fileID: 1538019116}
  m_LocalRotation: {x: 0, y: 0, z: 0, w: 1}
  m_LocalPosition: {x: 7.5, y: 0, z: -.300000012}
  m_LocalScale: {x: 19.3309002, y: 19.330904, z: 19.330904}
  m_Children: []
  m_Father: {fileID: 0}
  m_RootOrder: 1
--- !u!1001 &1553979692
Prefab:
  m_ObjectHideFlags: 0
  serializedVersion: 2
  m_Modification:
    m_TransformParent: {fileID: 0}
    m_Modifications:
    - target: {fileID: 480774, guid: 3d17b31d3cbee4bb3a44883b3050241e, type: 2}
      propertyPath: m_LocalPosition.x
      value: -16.3999996
      objectReference: {fileID: 0}
    - target: {fileID: 480774, guid: 3d17b31d3cbee4bb3a44883b3050241e, type: 2}
      propertyPath: m_LocalPosition.y
      value: 1.1333189
      objectReference: {fileID: 0}
    - target: {fileID: 480774, guid: 3d17b31d3cbee4bb3a44883b3050241e, type: 2}
      propertyPath: m_LocalPosition.z
      value: 1.10000002
      objectReference: {fileID: 0}
    - target: {fileID: 480774, guid: 3d17b31d3cbee4bb3a44883b3050241e, type: 2}
      propertyPath: m_LocalRotation.x
      value: 0
      objectReference: {fileID: 0}
    - target: {fileID: 480774, guid: 3d17b31d3cbee4bb3a44883b3050241e, type: 2}
      propertyPath: m_LocalRotation.y
      value: 0
      objectReference: {fileID: 0}
    - target: {fileID: 480774, guid: 3d17b31d3cbee4bb3a44883b3050241e, type: 2}
      propertyPath: m_LocalRotation.z
      value: 0
      objectReference: {fileID: 0}
    - target: {fileID: 480774, guid: 3d17b31d3cbee4bb3a44883b3050241e, type: 2}
      propertyPath: m_LocalRotation.w
      value: 1
      objectReference: {fileID: 0}
    - target: {fileID: 480774, guid: 3d17b31d3cbee4bb3a44883b3050241e, type: 2}
      propertyPath: m_RootOrder
      value: 23
      objectReference: {fileID: 0}
    - target: {fileID: 119642, guid: 3d17b31d3cbee4bb3a44883b3050241e, type: 2}
      propertyPath: m_Name
      value: CarVanilla (3)
      objectReference: {fileID: 0}
    - target: {fileID: 119642, guid: 3d17b31d3cbee4bb3a44883b3050241e, type: 2}
      propertyPath: m_TagString
      value: Player 4
      objectReference: {fileID: 0}
    m_RemovedComponents: []
  m_ParentPrefab: {fileID: 100100000, guid: 3d17b31d3cbee4bb3a44883b3050241e, type: 2}
  m_IsPrefabParent: 0
--- !u!1 &1572408420
GameObject:
  m_ObjectHideFlags: 0
  m_PrefabParentObject: {fileID: 0}
  m_PrefabInternal: {fileID: 0}
  serializedVersion: 4
  m_Component:
  - 4: {fileID: 1572408422}
  - 114: {fileID: 1572408421}
  m_Layer: 0
  m_Name: PlayerController (1)
  m_TagString: Controller 2
  m_Icon: {fileID: 0}
  m_NavMeshLayer: 0
  m_StaticEditorFlags: 0
  m_IsActive: 1
--- !u!114 &1572408421
MonoBehaviour:
  m_ObjectHideFlags: 0
  m_PrefabParentObject: {fileID: 0}
  m_PrefabInternal: {fileID: 0}
  m_GameObject: {fileID: 1572408420}
  m_Enabled: 1
  m_EditorHideFlags: 0
  m_Script: {fileID: 11500000, guid: 85066ed7d86c55a48ad9de6441f54832, type: 3}
  m_Name: 
  m_EditorClassIdentifier: 
  isCarActive: 1
  currentHp: 0
  currentSpeed: 0
  currentPlayer: 2
  currentCarType: 
  lives: 0
--- !u!4 &1572408422
Transform:
  m_ObjectHideFlags: 0
  m_PrefabParentObject: {fileID: 0}
  m_PrefabInternal: {fileID: 0}
  m_GameObject: {fileID: 1572408420}
  m_LocalRotation: {x: 0, y: 0, z: 0, w: 1}
  m_LocalPosition: {x: -48.551403, y: -13.3750534, z: 43.5708618}
  m_LocalScale: {x: 1, y: 1, z: 1}
  m_Children: []
  m_Father: {fileID: 0}
  m_RootOrder: 25
--- !u!1001 &1613785193
Prefab:
  m_ObjectHideFlags: 0
  serializedVersion: 2
  m_Modification:
    m_TransformParent: {fileID: 0}
    m_Modifications:
    - target: {fileID: 480774, guid: 3d17b31d3cbee4bb3a44883b3050241e, type: 2}
      propertyPath: m_LocalPosition.x
      value: 29.8787155
      objectReference: {fileID: 0}
    - target: {fileID: 480774, guid: 3d17b31d3cbee4bb3a44883b3050241e, type: 2}
      propertyPath: m_LocalPosition.y
      value: 1.1333189
      objectReference: {fileID: 0}
    - target: {fileID: 480774, guid: 3d17b31d3cbee4bb3a44883b3050241e, type: 2}
      propertyPath: m_LocalPosition.z
      value: -32.4000015
      objectReference: {fileID: 0}
    - target: {fileID: 480774, guid: 3d17b31d3cbee4bb3a44883b3050241e, type: 2}
      propertyPath: m_LocalRotation.x
      value: 0
      objectReference: {fileID: 0}
    - target: {fileID: 480774, guid: 3d17b31d3cbee4bb3a44883b3050241e, type: 2}
      propertyPath: m_LocalRotation.y
      value: 0
      objectReference: {fileID: 0}
    - target: {fileID: 480774, guid: 3d17b31d3cbee4bb3a44883b3050241e, type: 2}
      propertyPath: m_LocalRotation.z
      value: 0
      objectReference: {fileID: 0}
    - target: {fileID: 480774, guid: 3d17b31d3cbee4bb3a44883b3050241e, type: 2}
      propertyPath: m_LocalRotation.w
      value: 1
      objectReference: {fileID: 0}
    - target: {fileID: 480774, guid: 3d17b31d3cbee4bb3a44883b3050241e, type: 2}
      propertyPath: m_RootOrder
      value: 20
      objectReference: {fileID: 0}
    - target: {fileID: 119642, guid: 3d17b31d3cbee4bb3a44883b3050241e, type: 2}
      propertyPath: m_TagString
      value: Player 1
      objectReference: {fileID: 0}
    m_RemovedComponents: []
  m_ParentPrefab: {fileID: 100100000, guid: 3d17b31d3cbee4bb3a44883b3050241e, type: 2}
  m_IsPrefabParent: 0
--- !u!1001 &1649391035
Prefab:
  m_ObjectHideFlags: 0
  serializedVersion: 2
  m_Modification:
    m_TransformParent: {fileID: 0}
    m_Modifications:
    - target: {fileID: 480774, guid: 3d17b31d3cbee4bb3a44883b3050241e, type: 2}
      propertyPath: m_LocalPosition.x
      value: 75.9000015
      objectReference: {fileID: 0}
    - target: {fileID: 480774, guid: 3d17b31d3cbee4bb3a44883b3050241e, type: 2}
      propertyPath: m_LocalPosition.y
      value: 1.1333189
      objectReference: {fileID: 0}
    - target: {fileID: 480774, guid: 3d17b31d3cbee4bb3a44883b3050241e, type: 2}
      propertyPath: m_LocalPosition.z
      value: .300000012
      objectReference: {fileID: 0}
    - target: {fileID: 480774, guid: 3d17b31d3cbee4bb3a44883b3050241e, type: 2}
      propertyPath: m_LocalRotation.x
      value: 0
      objectReference: {fileID: 0}
    - target: {fileID: 480774, guid: 3d17b31d3cbee4bb3a44883b3050241e, type: 2}
      propertyPath: m_LocalRotation.y
      value: 0
      objectReference: {fileID: 0}
    - target: {fileID: 480774, guid: 3d17b31d3cbee4bb3a44883b3050241e, type: 2}
      propertyPath: m_LocalRotation.z
      value: 0
      objectReference: {fileID: 0}
    - target: {fileID: 480774, guid: 3d17b31d3cbee4bb3a44883b3050241e, type: 2}
      propertyPath: m_LocalRotation.w
      value: 1
      objectReference: {fileID: 0}
    - target: {fileID: 480774, guid: 3d17b31d3cbee4bb3a44883b3050241e, type: 2}
      propertyPath: m_RootOrder
      value: 21
      objectReference: {fileID: 0}
    - target: {fileID: 119642, guid: 3d17b31d3cbee4bb3a44883b3050241e, type: 2}
      propertyPath: m_Name
      value: CarVanilla (1)
      objectReference: {fileID: 0}
    - target: {fileID: 119642, guid: 3d17b31d3cbee4bb3a44883b3050241e, type: 2}
      propertyPath: m_TagString
      value: Player 2
      objectReference: {fileID: 0}
    m_RemovedComponents: []
  m_ParentPrefab: {fileID: 100100000, guid: 3d17b31d3cbee4bb3a44883b3050241e, type: 2}
  m_IsPrefabParent: 0
--- !u!1 &1768787344
GameObject:
  m_ObjectHideFlags: 0
  m_PrefabParentObject: {fileID: 0}
  m_PrefabInternal: {fileID: 0}
  serializedVersion: 4
  m_Component:
  - 4: {fileID: 1768787345}
  - 114: {fileID: 1768787346}
  m_Layer: 0
  m_Name: cameraTarget 1 (3)
  m_TagString: CameraTarget 4
  m_Icon: {fileID: 0}
  m_NavMeshLayer: 0
  m_StaticEditorFlags: 0
  m_IsActive: 1
--- !u!4 &1768787345
Transform:
  m_ObjectHideFlags: 0
  m_PrefabParentObject: {fileID: 0}
  m_PrefabInternal: {fileID: 0}
  m_GameObject: {fileID: 1768787344}
  m_LocalRotation: {x: 0, y: 0, z: 0, w: 1}
  m_LocalPosition: {x: -7.30000019, y: 2.79999995, z: 0}
  m_LocalScale: {x: 1, y: 1, z: 1}
  m_Children: []
  m_Father: {fileID: 0}
  m_RootOrder: 15
--- !u!114 &1768787346
MonoBehaviour:
  m_ObjectHideFlags: 0
  m_PrefabParentObject: {fileID: 0}
  m_PrefabInternal: {fileID: 0}
  m_GameObject: {fileID: 1768787344}
  m_Enabled: 1
  m_EditorHideFlags: 0
  m_Script: {fileID: 11500000, guid: 76a9abbde708d564796f2bea3a0acaeb, type: 3}
  m_Name: 
  m_EditorClassIdentifier: 
  cameraTarget: 4
--- !u!1 &1773352599
GameObject:
  m_ObjectHideFlags: 0
  m_PrefabParentObject: {fileID: 0}
  m_PrefabInternal: {fileID: 0}
  serializedVersion: 4
  m_Component:
  - 4: {fileID: 1773352601}
  - 108: {fileID: 1773352600}
  m_Layer: 0
  m_Name: Directional Light
  m_TagString: Untagged
  m_Icon: {fileID: 0}
  m_NavMeshLayer: 0
  m_StaticEditorFlags: 0
  m_IsActive: 1
--- !u!108 &1773352600
Light:
  m_ObjectHideFlags: 0
  m_PrefabParentObject: {fileID: 0}
  m_PrefabInternal: {fileID: 0}
  m_GameObject: {fileID: 1773352599}
  m_Enabled: 1
  serializedVersion: 6
  m_Type: 1
  m_Color: {r: 1, g: .956862748, b: .839215696, a: 1}
  m_Intensity: 1
  m_Range: 10
  m_SpotAngle: 30
  m_CookieSize: 10
  m_Shadows:
    m_Type: 2
    m_Resolution: -1
    m_Strength: 1
    m_Bias: .0500000007
    m_NormalBias: .400000006
  m_Cookie: {fileID: 0}
  m_DrawHalo: 0
  m_Flare: {fileID: 0}
  m_RenderMode: 0
  m_CullingMask:
    serializedVersion: 2
    m_Bits: 4294967295
  m_Lightmapping: 4
  m_BounceIntensity: 1
  m_ShadowRadius: 0
  m_ShadowAngle: 0
  m_AreaSize: {x: 1, y: 1}
--- !u!4 &1773352601
Transform:
  m_ObjectHideFlags: 0
  m_PrefabParentObject: {fileID: 0}
  m_PrefabInternal: {fileID: 0}
  m_GameObject: {fileID: 1773352599}
  m_LocalRotation: {x: .408217937, y: -.234569728, z: .109381676, w: .875426054}
  m_LocalPosition: {x: 0, y: 3, z: 0}
  m_LocalScale: {x: 1, y: 1, z: 1}
  m_Children: []
  m_Father: {fileID: 0}
  m_RootOrder: 0
--- !u!1001 &1775984538
Prefab:
  m_ObjectHideFlags: 0
  serializedVersion: 2
  m_Modification:
    m_TransformParent: {fileID: 0}
    m_Modifications:
    - target: {fileID: 22445234, guid: e430ddef1dd50424c9fb45214804d28c, type: 2}
      propertyPath: m_LocalPosition.x
      value: 0
      objectReference: {fileID: 0}
    - target: {fileID: 22445234, guid: e430ddef1dd50424c9fb45214804d28c, type: 2}
      propertyPath: m_LocalPosition.y
      value: 0
      objectReference: {fileID: 0}
    - target: {fileID: 22445234, guid: e430ddef1dd50424c9fb45214804d28c, type: 2}
      propertyPath: m_LocalPosition.z
      value: 0
      objectReference: {fileID: 0}
    - target: {fileID: 22445234, guid: e430ddef1dd50424c9fb45214804d28c, type: 2}
      propertyPath: m_LocalRotation.x
      value: 0
      objectReference: {fileID: 0}
    - target: {fileID: 22445234, guid: e430ddef1dd50424c9fb45214804d28c, type: 2}
      propertyPath: m_LocalRotation.y
      value: 0
      objectReference: {fileID: 0}
    - target: {fileID: 22445234, guid: e430ddef1dd50424c9fb45214804d28c, type: 2}
      propertyPath: m_LocalRotation.z
      value: 0
      objectReference: {fileID: 0}
    - target: {fileID: 22445234, guid: e430ddef1dd50424c9fb45214804d28c, type: 2}
      propertyPath: m_LocalRotation.w
      value: 1
      objectReference: {fileID: 0}
    - target: {fileID: 22445234, guid: e430ddef1dd50424c9fb45214804d28c, type: 2}
      propertyPath: m_RootOrder
      value: 17
      objectReference: {fileID: 0}
    - target: {fileID: 22445234, guid: e430ddef1dd50424c9fb45214804d28c, type: 2}
      propertyPath: m_AnchoredPosition.x
      value: 0
      objectReference: {fileID: 0}
    - target: {fileID: 22445234, guid: e430ddef1dd50424c9fb45214804d28c, type: 2}
      propertyPath: m_AnchoredPosition.y
      value: 0
      objectReference: {fileID: 0}
    - target: {fileID: 22445234, guid: e430ddef1dd50424c9fb45214804d28c, type: 2}
      propertyPath: m_SizeDelta.x
      value: 0
      objectReference: {fileID: 0}
    - target: {fileID: 22445234, guid: e430ddef1dd50424c9fb45214804d28c, type: 2}
      propertyPath: m_SizeDelta.y
      value: 0
      objectReference: {fileID: 0}
    - target: {fileID: 22445234, guid: e430ddef1dd50424c9fb45214804d28c, type: 2}
      propertyPath: m_AnchorMin.x
      value: 0
      objectReference: {fileID: 0}
    - target: {fileID: 22445234, guid: e430ddef1dd50424c9fb45214804d28c, type: 2}
      propertyPath: m_AnchorMin.y
      value: 0
      objectReference: {fileID: 0}
    - target: {fileID: 22445234, guid: e430ddef1dd50424c9fb45214804d28c, type: 2}
      propertyPath: m_AnchorMax.x
      value: 0
      objectReference: {fileID: 0}
    - target: {fileID: 22445234, guid: e430ddef1dd50424c9fb45214804d28c, type: 2}
      propertyPath: m_AnchorMax.y
      value: 0
      objectReference: {fileID: 0}
    - target: {fileID: 22445234, guid: e430ddef1dd50424c9fb45214804d28c, type: 2}
      propertyPath: m_Pivot.x
      value: 0
      objectReference: {fileID: 0}
    - target: {fileID: 22445234, guid: e430ddef1dd50424c9fb45214804d28c, type: 2}
      propertyPath: m_Pivot.y
      value: 0
      objectReference: {fileID: 0}
    - target: {fileID: 11494104, guid: e430ddef1dd50424c9fb45214804d28c, type: 2}
      propertyPath: m_MatchWidthOrHeight
      value: 0
      objectReference: {fileID: 0}
    - target: {fileID: 170882, guid: e430ddef1dd50424c9fb45214804d28c, type: 2}
      propertyPath: m_TagString
      value: HUD 2
      objectReference: {fileID: 0}
    - target: {fileID: 170882, guid: e430ddef1dd50424c9fb45214804d28c, type: 2}
      propertyPath: m_Name
      value: PlayerHud (1)
      objectReference: {fileID: 0}
    - target: {fileID: 22322540, guid: e430ddef1dd50424c9fb45214804d28c, type: 2}
      propertyPath: m_RenderMode
      value: 0
      objectReference: {fileID: 0}
    - target: {fileID: 22322540, guid: e430ddef1dd50424c9fb45214804d28c, type: 2}
      propertyPath: m_Camera
      value: 
      objectReference: {fileID: 1385119912}
    - target: {fileID: 112540, guid: e430ddef1dd50424c9fb45214804d28c, type: 2}
      propertyPath: m_Layer
      value: 9
      objectReference: {fileID: 0}
    - target: {fileID: 195374, guid: e430ddef1dd50424c9fb45214804d28c, type: 2}
      propertyPath: m_Layer
      value: 9
      objectReference: {fileID: 0}
    - target: {fileID: 139946, guid: e430ddef1dd50424c9fb45214804d28c, type: 2}
      propertyPath: m_Layer
      value: 9
      objectReference: {fileID: 0}
    - target: {fileID: 123424, guid: e430ddef1dd50424c9fb45214804d28c, type: 2}
      propertyPath: m_Layer
      value: 9
      objectReference: {fileID: 0}
    - target: {fileID: 125928, guid: e430ddef1dd50424c9fb45214804d28c, type: 2}
      propertyPath: m_Layer
      value: 9
      objectReference: {fileID: 0}
    - target: {fileID: 170882, guid: e430ddef1dd50424c9fb45214804d28c, type: 2}
      propertyPath: m_Layer
      value: 9
      objectReference: {fileID: 0}
    - target: {fileID: 11494104, guid: e430ddef1dd50424c9fb45214804d28c, type: 2}
      propertyPath: m_ReferenceResolution.x
      value: 1600
      objectReference: {fileID: 0}
    - target: {fileID: 11494104, guid: e430ddef1dd50424c9fb45214804d28c, type: 2}
      propertyPath: m_ReferenceResolution.y
      value: 200
      objectReference: {fileID: 0}
    - target: {fileID: 22322540, guid: e430ddef1dd50424c9fb45214804d28c, type: 2}
      propertyPath: m_SortingLayerID
      value: -585571491
      objectReference: {fileID: 0}
    - target: {fileID: 22493864, guid: e430ddef1dd50424c9fb45214804d28c, type: 2}
      propertyPath: m_AnchoredPosition.x
      value: 390
      objectReference: {fileID: 0}
    - target: {fileID: 22493864, guid: e430ddef1dd50424c9fb45214804d28c, type: 2}
      propertyPath: m_AnchoredPosition.y
      value: 120
      objectReference: {fileID: 0}
    - target: {fileID: 22493422, guid: e430ddef1dd50424c9fb45214804d28c, type: 2}
      propertyPath: m_AnchoredPosition.y
      value: 440
      objectReference: {fileID: 0}
    - target: {fileID: 22493422, guid: e430ddef1dd50424c9fb45214804d28c, type: 2}
      propertyPath: m_AnchoredPosition.x
      value: 80
      objectReference: {fileID: 0}
    - target: {fileID: 22484712, guid: e430ddef1dd50424c9fb45214804d28c, type: 2}
      propertyPath: m_AnchoredPosition.y
      value: 440
      objectReference: {fileID: 0}
    - target: {fileID: 22407028, guid: e430ddef1dd50424c9fb45214804d28c, type: 2}
      propertyPath: m_AnchoredPosition.y
      value: 440
      objectReference: {fileID: 0}
    - target: {fileID: 22436558, guid: e430ddef1dd50424c9fb45214804d28c, type: 2}
      propertyPath: m_AnchoredPosition.y
      value: 440
      objectReference: {fileID: 0}
    - target: {fileID: 22484712, guid: e430ddef1dd50424c9fb45214804d28c, type: 2}
      propertyPath: m_AnchoredPosition.x
      value: 686
      objectReference: {fileID: 0}
    - target: {fileID: 22407028, guid: e430ddef1dd50424c9fb45214804d28c, type: 2}
      propertyPath: m_AnchoredPosition.x
      value: 725
      objectReference: {fileID: 0}
    - target: {fileID: 22436558, guid: e430ddef1dd50424c9fb45214804d28c, type: 2}
      propertyPath: m_AnchoredPosition.x
      value: 647
      objectReference: {fileID: 0}
    - target: {fileID: 11419068, guid: e430ddef1dd50424c9fb45214804d28c, type: 2}
      propertyPath: Life1
      value: 
      objectReference: {fileID: 1775984539}
    - target: {fileID: 11419068, guid: e430ddef1dd50424c9fb45214804d28c, type: 2}
      propertyPath: Life2
      value: 
      objectReference: {fileID: 1775984540}
    - target: {fileID: 11419068, guid: e430ddef1dd50424c9fb45214804d28c, type: 2}
      propertyPath: Life3
      value: 
      objectReference: {fileID: 1775984541}
    m_RemovedComponents: []
  m_ParentPrefab: {fileID: 100100000, guid: e430ddef1dd50424c9fb45214804d28c, type: 2}
  m_IsPrefabParent: 0
--- !u!1 &1775984539 stripped
GameObject:
  m_PrefabParentObject: {fileID: 112540, guid: e430ddef1dd50424c9fb45214804d28c, type: 2}
  m_PrefabInternal: {fileID: 1775984538}
--- !u!1 &1775984540 stripped
GameObject:
  m_PrefabParentObject: {fileID: 139946, guid: e430ddef1dd50424c9fb45214804d28c, type: 2}
  m_PrefabInternal: {fileID: 1775984538}
--- !u!1 &1775984541 stripped
GameObject:
  m_PrefabParentObject: {fileID: 195374, guid: e430ddef1dd50424c9fb45214804d28c, type: 2}
  m_PrefabInternal: {fileID: 1775984538}
--- !u!1001 &1795118099
Prefab:
  m_ObjectHideFlags: 0
  serializedVersion: 2
  m_Modification:
    m_TransformParent: {fileID: 0}
    m_Modifications:
    - target: {fileID: 400004, guid: baec086904791744185aaa07a6cf55c2, type: 2}
      propertyPath: m_LocalPosition.x
      value: 0
      objectReference: {fileID: 0}
    - target: {fileID: 400004, guid: baec086904791744185aaa07a6cf55c2, type: 2}
      propertyPath: m_LocalPosition.y
      value: 0
      objectReference: {fileID: 0}
    - target: {fileID: 400004, guid: baec086904791744185aaa07a6cf55c2, type: 2}
      propertyPath: m_LocalPosition.z
      value: 0
      objectReference: {fileID: 0}
    - target: {fileID: 400004, guid: baec086904791744185aaa07a6cf55c2, type: 2}
      propertyPath: m_LocalRotation.x
      value: 0
      objectReference: {fileID: 0}
    - target: {fileID: 400004, guid: baec086904791744185aaa07a6cf55c2, type: 2}
      propertyPath: m_LocalRotation.y
      value: 0
      objectReference: {fileID: 0}
    - target: {fileID: 400004, guid: baec086904791744185aaa07a6cf55c2, type: 2}
      propertyPath: m_LocalRotation.z
      value: 0
      objectReference: {fileID: 0}
    - target: {fileID: 400004, guid: baec086904791744185aaa07a6cf55c2, type: 2}
      propertyPath: m_LocalRotation.w
      value: 1
      objectReference: {fileID: 0}
    - target: {fileID: 400004, guid: baec086904791744185aaa07a6cf55c2, type: 2}
      propertyPath: m_RootOrder
      value: 8
      objectReference: {fileID: 0}
    - target: {fileID: 11400000, guid: baec086904791744185aaa07a6cf55c2, type: 2}
      propertyPath: m_Target
      value: 
      objectReference: {fileID: 639041671}
    - target: {fileID: 100004, guid: baec086904791744185aaa07a6cf55c2, type: 2}
      propertyPath: m_IsActive
      value: 1
      objectReference: {fileID: 0}
    - target: {fileID: 2000000, guid: baec086904791744185aaa07a6cf55c2, type: 2}
      propertyPath: m_NormalizedViewPortRect.y
      value: .5
      objectReference: {fileID: 0}
    - target: {fileID: 2000000, guid: baec086904791744185aaa07a6cf55c2, type: 2}
      propertyPath: m_NormalizedViewPortRect.x
      value: 0
      objectReference: {fileID: 0}
    - target: {fileID: 11400000, guid: baec086904791744185aaa07a6cf55c2, type: 2}
      propertyPath: m_MoveSpeed
      value: 5
      objectReference: {fileID: 0}
    - target: {fileID: 11400000, guid: baec086904791744185aaa07a6cf55c2, type: 2}
      propertyPath: m_TurnSpeed
      value: 30
      objectReference: {fileID: 0}
    - target: {fileID: 400002, guid: baec086904791744185aaa07a6cf55c2, type: 2}
      propertyPath: m_LocalPosition.y
      value: 5
      objectReference: {fileID: 0}
    - target: {fileID: 400002, guid: baec086904791744185aaa07a6cf55c2, type: 2}
      propertyPath: m_LocalRotation.x
      value: .0871557519
      objectReference: {fileID: 0}
    - target: {fileID: 400002, guid: baec086904791744185aaa07a6cf55c2, type: 2}
      propertyPath: m_LocalRotation.w
      value: .99619472
      objectReference: {fileID: 0}
    - target: {fileID: 11400000, guid: baec086904791744185aaa07a6cf55c2, type: 2}
      propertyPath: m_FollowTilt
      value: 0
      objectReference: {fileID: 0}
    - target: {fileID: 11400000, guid: baec086904791744185aaa07a6cf55c2, type: 2}
      propertyPath: m_SpinTurnLimit
      value: 360
      objectReference: {fileID: 0}
    - target: {fileID: 100004, guid: baec086904791744185aaa07a6cf55c2, type: 2}
      propertyPath: m_TagString
      value: Camera 1
      objectReference: {fileID: 0}
    - target: {fileID: 8100000, guid: baec086904791744185aaa07a6cf55c2, type: 2}
      propertyPath: m_Enabled
      value: 0
      objectReference: {fileID: 0}
    - target: {fileID: 100002, guid: baec086904791744185aaa07a6cf55c2, type: 2}
      propertyPath: m_Layer
      value: 8
      objectReference: {fileID: 0}
    m_RemovedComponents: []
  m_ParentPrefab: {fileID: 100100000, guid: baec086904791744185aaa07a6cf55c2, type: 2}
  m_IsPrefabParent: 0
--- !u!1 &1849610296
GameObject:
  m_ObjectHideFlags: 0
  m_PrefabParentObject: {fileID: 0}
  m_PrefabInternal: {fileID: 0}
  serializedVersion: 4
  m_Component:
  - 4: {fileID: 1849610298}
  - 114: {fileID: 1849610297}
  m_Layer: 0
  m_Name: GameController
  m_TagString: Game Controller
  m_Icon: {fileID: 0}
  m_NavMeshLayer: 0
  m_StaticEditorFlags: 0
  m_IsActive: 1
--- !u!114 &1849610297
MonoBehaviour:
  m_ObjectHideFlags: 0
  m_PrefabParentObject: {fileID: 0}
  m_PrefabInternal: {fileID: 0}
  m_GameObject: {fileID: 1849610296}
  m_Enabled: 1
  m_EditorHideFlags: 0
  m_Script: {fileID: 11500000, guid: 779d3f9d28033244cbc31b179a1892a3, type: 3}
  m_Name: 
  m_EditorClassIdentifier: 
  spawnPoints: []
  player1: {fileID: 1111788538}
  player2: {fileID: 1572408420}
  player3: {fileID: 1927841433}
  player4: {fileID: 293133197}
  control1: {fileID: 1111788539}
  control2: {fileID: 1572408421}
  control3: {fileID: 1927841434}
  control4: {fileID: 293133198}
  winner: 0
--- !u!4 &1849610298
Transform:
  m_ObjectHideFlags: 0
  m_PrefabParentObject: {fileID: 0}
  m_PrefabInternal: {fileID: 0}
  m_GameObject: {fileID: 1849610296}
  m_LocalRotation: {x: 0, y: 0, z: 0, w: 1}
  m_LocalPosition: {x: -48.551403, y: -13.3750534, z: 43.5708618}
  m_LocalScale: {x: 1, y: 1, z: 1}
  m_Children: []
  m_Father: {fileID: 0}
  m_RootOrder: 28
--- !u!1 &1927841433
GameObject:
  m_ObjectHideFlags: 0
  m_PrefabParentObject: {fileID: 0}
  m_PrefabInternal: {fileID: 0}
  serializedVersion: 4
  m_Component:
  - 4: {fileID: 1927841435}
  - 114: {fileID: 1927841434}
  m_Layer: 0
  m_Name: PlayerController (2)
  m_TagString: Controller 3
  m_Icon: {fileID: 0}
  m_NavMeshLayer: 0
  m_StaticEditorFlags: 0
  m_IsActive: 1
--- !u!114 &1927841434
MonoBehaviour:
  m_ObjectHideFlags: 0
  m_PrefabParentObject: {fileID: 0}
  m_PrefabInternal: {fileID: 0}
  m_GameObject: {fileID: 1927841433}
  m_Enabled: 1
  m_EditorHideFlags: 0
  m_Script: {fileID: 11500000, guid: 85066ed7d86c55a48ad9de6441f54832, type: 3}
  m_Name: 
  m_EditorClassIdentifier: 
  isCarActive: 1
  currentHp: 0
  currentSpeed: 0
  currentPlayer: 3
  currentCarType: 
  lives: 0
--- !u!4 &1927841435
Transform:
  m_ObjectHideFlags: 0
  m_PrefabParentObject: {fileID: 0}
  m_PrefabInternal: {fileID: 0}
  m_GameObject: {fileID: 1927841433}
  m_LocalRotation: {x: 0, y: 0, z: 0, w: 1}
  m_LocalPosition: {x: -48.551403, y: -13.3750534, z: 43.5708618}
  m_LocalScale: {x: 1, y: 1, z: 1}
  m_Children: []
  m_Father: {fileID: 0}
  m_RootOrder: 26
--- !u!1 &2015136961
GameObject:
  m_ObjectHideFlags: 0
  m_PrefabParentObject: {fileID: 0}
  m_PrefabInternal: {fileID: 0}
  serializedVersion: 4
  m_Component:
  - 4: {fileID: 2015136962}
  - 114: {fileID: 2015136964}
  - 65: {fileID: 2015136963}
  m_Layer: 0
  m_Name: RespawnPoint (1)
  m_TagString: Respawn 2
  m_Icon: {fileID: 0}
  m_NavMeshLayer: 0
  m_StaticEditorFlags: 0
  m_IsActive: 1
--- !u!4 &2015136962
Transform:
  m_ObjectHideFlags: 0
  m_PrefabParentObject: {fileID: 0}
  m_PrefabInternal: {fileID: 0}
  m_GameObject: {fileID: 2015136961}
  m_LocalRotation: {x: 0, y: 0, z: 0, w: 1}
  m_LocalPosition: {x: -11.1999998, y: 0, z: 22.2000008}
  m_LocalScale: {x: 1, y: 1, z: 1}
  m_Children: []
  m_Father: {fileID: 0}
  m_RootOrder: 3
--- !u!65 &2015136963
BoxCollider:
  m_ObjectHideFlags: 0
  m_PrefabParentObject: {fileID: 0}
  m_PrefabInternal: {fileID: 0}
  m_GameObject: {fileID: 2015136961}
  m_Material: {fileID: 0}
  m_IsTrigger: 1
  m_Enabled: 1
  serializedVersion: 2
  m_Size: {x: 1.5, y: 1.5, z: 1.5}
  m_Center: {x: 0, y: .75, z: 0}
--- !u!114 &2015136964
MonoBehaviour:
  m_ObjectHideFlags: 0
  m_PrefabParentObject: {fileID: 0}
  m_PrefabInternal: {fileID: 0}
  m_GameObject: {fileID: 2015136961}
  m_Enabled: 1
  m_EditorHideFlags: 0
  m_Script: {fileID: 11500000, guid: b92b9d238d9814485a1b5db6d3d76e62, type: 3}
  m_Name: 
  m_EditorClassIdentifier: 
  isFree: 1
--- !u!1 &2051066545
GameObject:
  m_ObjectHideFlags: 0
  m_PrefabParentObject: {fileID: 0}
  m_PrefabInternal: {fileID: 0}
  serializedVersion: 4
  m_Component:
  - 4: {fileID: 2051066548}
  - 114: {fileID: 2051066547}
  - 65: {fileID: 2051066546}
  m_Layer: 0
  m_Name: RespawnPoint (4)
  m_TagString: Respawn 5
  m_Icon: {fileID: 0}
  m_NavMeshLayer: 0
  m_StaticEditorFlags: 0
  m_IsActive: 1
--- !u!65 &2051066546
BoxCollider:
  m_ObjectHideFlags: 0
  m_PrefabParentObject: {fileID: 0}
  m_PrefabInternal: {fileID: 0}
  m_GameObject: {fileID: 2051066545}
  m_Material: {fileID: 0}
  m_IsTrigger: 1
  m_Enabled: 1
  serializedVersion: 2
  m_Size: {x: 1.5, y: 1.5, z: 1.5}
  m_Center: {x: 0, y: .75, z: 0}
--- !u!114 &2051066547
MonoBehaviour:
  m_ObjectHideFlags: 0
  m_PrefabParentObject: {fileID: 0}
  m_PrefabInternal: {fileID: 0}
  m_GameObject: {fileID: 2051066545}
  m_Enabled: 1
  m_EditorHideFlags: 0
  m_Script: {fileID: 11500000, guid: b92b9d238d9814485a1b5db6d3d76e62, type: 3}
  m_Name: 
  m_EditorClassIdentifier: 
  isFree: 1
--- !u!4 &2051066548
Transform:
  m_ObjectHideFlags: 0
  m_PrefabParentObject: {fileID: 0}
  m_PrefabInternal: {fileID: 0}
  m_GameObject: {fileID: 2051066545}
  m_LocalRotation: {x: 0, y: 0, z: 0, w: 1}
  m_LocalPosition: {x: 5.69999981, y: 0, z: 37.5900002}
  m_LocalScale: {x: 1, y: 1, z: 1}
  m_Children: []
  m_Father: {fileID: 0}
  m_RootOrder: 6
--- !u!1 &2088113272
GameObject:
  m_ObjectHideFlags: 0
  m_PrefabParentObject: {fileID: 0}
  m_PrefabInternal: {fileID: 0}
  serializedVersion: 4
  m_Component:
  - 4: {fileID: 2088113274}
  - 114: {fileID: 2088113273}
  m_Layer: 0
  m_Name: cameraTarget 1 (2)
  m_TagString: CameraTarget 3
  m_Icon: {fileID: 0}
  m_NavMeshLayer: 0
  m_StaticEditorFlags: 0
  m_IsActive: 1
--- !u!114 &2088113273
MonoBehaviour:
  m_ObjectHideFlags: 0
  m_PrefabParentObject: {fileID: 0}
  m_PrefabInternal: {fileID: 0}
  m_GameObject: {fileID: 2088113272}
  m_Enabled: 1
  m_EditorHideFlags: 0
  m_Script: {fileID: 11500000, guid: 76a9abbde708d564796f2bea3a0acaeb, type: 3}
  m_Name: 
  m_EditorClassIdentifier: 
  cameraTarget: 3
--- !u!4 &2088113274
Transform:
  m_ObjectHideFlags: 0
  m_PrefabParentObject: {fileID: 0}
  m_PrefabInternal: {fileID: 0}
  m_GameObject: {fileID: 2088113272}
  m_LocalRotation: {x: 0, y: 0, z: 0, w: 1}
  m_LocalPosition: {x: -7.30000019, y: 2.79999995, z: 0}
  m_LocalScale: {x: 1, y: 1, z: 1}
  m_Children: []
  m_Father: {fileID: 0}
  m_RootOrder: 13
--- !u!1 &2144802210
GameObject:
  m_ObjectHideFlags: 0
  m_PrefabParentObject: {fileID: 0}
  m_PrefabInternal: {fileID: 0}
  serializedVersion: 4
  m_Component:
  - 4: {fileID: 2144802211}
  - 114: {fileID: 2144802213}
  - 65: {fileID: 2144802212}
  m_Layer: 0
  m_Name: RespawnPoint (2)
  m_TagString: Respawn 3
  m_Icon: {fileID: 0}
  m_NavMeshLayer: 0
  m_StaticEditorFlags: 0
  m_IsActive: 1
--- !u!4 &2144802211
Transform:
  m_ObjectHideFlags: 0
  m_PrefabParentObject: {fileID: 0}
  m_PrefabInternal: {fileID: 0}
  m_GameObject: {fileID: 2144802210}
  m_LocalRotation: {x: 0, y: 0, z: 0, w: 1}
  m_LocalPosition: {x: 27.2000008, y: 0, z: -15.6000004}
  m_LocalScale: {x: 1, y: 1, z: 1}
  m_Children: []
  m_Father: {fileID: 0}
  m_RootOrder: 4
--- !u!65 &2144802212
BoxCollider:
  m_ObjectHideFlags: 0
  m_PrefabParentObject: {fileID: 0}
  m_PrefabInternal: {fileID: 0}
  m_GameObject: {fileID: 2144802210}
  m_Material: {fileID: 0}
  m_IsTrigger: 1
  m_Enabled: 1
  serializedVersion: 2
  m_Size: {x: 1.5, y: 1.5, z: 1.5}
  m_Center: {x: 0, y: .75, z: 0}
--- !u!114 &2144802213
MonoBehaviour:
  m_ObjectHideFlags: 0
  m_PrefabParentObject: {fileID: 0}
  m_PrefabInternal: {fileID: 0}
  m_GameObject: {fileID: 2144802210}
  m_Enabled: 1
  m_EditorHideFlags: 0
  m_Script: {fileID: 11500000, guid: b92b9d238d9814485a1b5db6d3d76e62, type: 3}
  m_Name: 
  m_EditorClassIdentifier: 
  isFree: 1
