%YAML 1.1
%TAG !u! tag:unity3d.com,2011:
--- !u!1 &110056
GameObject:
  m_ObjectHideFlags: 0
  m_PrefabParentObject: {fileID: 0}
  m_PrefabInternal: {fileID: 100100000}
  serializedVersion: 4
  m_Component:
  - 4: {fileID: 403472}
  - 33: {fileID: 3356524}
  - 23: {fileID: 2317280}
  - 64: {fileID: 6464718}
  - 54: {fileID: 5415770}
  - 114: {fileID: 11429668}
  m_Layer: 0
  m_Name: TLangle3
  m_TagString: Untagged
  m_Icon: {fileID: 0}
  m_NavMeshLayer: 0
  m_StaticEditorFlags: 0
  m_IsActive: 1
--- !u!1 &125976
GameObject:
  m_ObjectHideFlags: 0
  m_PrefabParentObject: {fileID: 0}
  m_PrefabInternal: {fileID: 100100000}
  serializedVersion: 4
  m_Component:
  - 4: {fileID: 414492}
  m_Layer: 0
  m_Name: fracturedTopLeft
  m_TagString: Untagged
  m_Icon: {fileID: 0}
  m_NavMeshLayer: 0
  m_StaticEditorFlags: 0
  m_IsActive: 1
--- !u!1 &129898
GameObject:
  m_ObjectHideFlags: 0
  m_PrefabParentObject: {fileID: 0}
  m_PrefabInternal: {fileID: 100100000}
  serializedVersion: 4
  m_Component:
  - 4: {fileID: 441374}
  - 33: {fileID: 3382246}
  - 23: {fileID: 2310716}
  - 54: {fileID: 5463540}
  - 64: {fileID: 6441528}
  - 114: {fileID: 11443262}
  m_Layer: 0
  m_Name: TLwedge2
  m_TagString: Untagged
  m_Icon: {fileID: 0}
  m_NavMeshLayer: 0
  m_StaticEditorFlags: 0
  m_IsActive: 1
--- !u!1 &135840
GameObject:
  m_ObjectHideFlags: 0
  m_PrefabParentObject: {fileID: 0}
  m_PrefabInternal: {fileID: 100100000}
  serializedVersion: 4
  m_Component:
  - 4: {fileID: 423602}
  - 33: {fileID: 3376528}
  - 23: {fileID: 2313226}
  - 54: {fileID: 5438602}
  - 64: {fileID: 6470678}
  - 114: {fileID: 11430918}
  m_Layer: 0
  m_Name: TLwedge3
  m_TagString: Untagged
  m_Icon: {fileID: 0}
  m_NavMeshLayer: 0
  m_StaticEditorFlags: 0
  m_IsActive: 1
--- !u!1 &143020
GameObject:
  m_ObjectHideFlags: 0
  m_PrefabParentObject: {fileID: 0}
  m_PrefabInternal: {fileID: 100100000}
  serializedVersion: 4
  m_Component:
  - 4: {fileID: 457226}
  - 33: {fileID: 3304678}
  - 23: {fileID: 2338756}
  - 54: {fileID: 5489046}
  - 64: {fileID: 6454454}
  - 114: {fileID: 11480928}
  m_Layer: 0
  m_Name: TLwedge1
  m_TagString: Untagged
  m_Icon: {fileID: 0}
  m_NavMeshLayer: 0
  m_StaticEditorFlags: 0
  m_IsActive: 1
--- !u!1 &143338
GameObject:
  m_ObjectHideFlags: 0
  m_PrefabParentObject: {fileID: 0}
  m_PrefabInternal: {fileID: 100100000}
  serializedVersion: 4
  m_Component:
  - 4: {fileID: 406642}
  - 33: {fileID: 3311272}
  - 23: {fileID: 2347576}
  - 64: {fileID: 6431922}
  - 54: {fileID: 5460952}
  - 114: {fileID: 11430398}
  m_Layer: 0
  m_Name: TLcube
  m_TagString: Untagged
  m_Icon: {fileID: 0}
  m_NavMeshLayer: 0
  m_StaticEditorFlags: 0
  m_IsActive: 1
--- !u!1 &150598
GameObject:
  m_ObjectHideFlags: 0
  m_PrefabParentObject: {fileID: 0}
  m_PrefabInternal: {fileID: 100100000}
  serializedVersion: 4
  m_Component:
  - 4: {fileID: 407646}
  - 33: {fileID: 3317922}
  - 23: {fileID: 2394254}
  - 64: {fileID: 6444606}
  - 54: {fileID: 5418610}
  - 114: {fileID: 11415252}
  m_Layer: 0
  m_Name: TLangle1
  m_TagString: Untagged
  m_Icon: {fileID: 0}
  m_NavMeshLayer: 0
  m_StaticEditorFlags: 0
  m_IsActive: 1
--- !u!1 &159860
GameObject:
  m_ObjectHideFlags: 0
  m_PrefabParentObject: {fileID: 0}
  m_PrefabInternal: {fileID: 100100000}
  serializedVersion: 4
  m_Component:
  - 4: {fileID: 459354}
  - 33: {fileID: 3315256}
  - 23: {fileID: 2300560}
  - 64: {fileID: 6453902}
  - 54: {fileID: 5496756}
  - 114: {fileID: 11462798}
  m_Layer: 0
  m_Name: TLangle2
  m_TagString: Untagged
  m_Icon: {fileID: 0}
  m_NavMeshLayer: 0
  m_StaticEditorFlags: 0
  m_IsActive: 1
--- !u!4 &403472
Transform:
  m_ObjectHideFlags: 1
  m_PrefabParentObject: {fileID: 0}
  m_PrefabInternal: {fileID: 100100000}
  m_GameObject: {fileID: 110056}
  m_LocalRotation: {x: 5.96046448e-08, y: -1.49011612e-07, z: .484385967, w: .874854445}
  m_LocalPosition: {x: -8.07884884, y: 4.16814804, z: .00309082074}
  m_LocalScale: {x: 1.31186354, y: 1.11585903, z: .995055079}
  m_Children: []
  m_Father: {fileID: 414492}
  m_RootOrder: 4
--- !u!4 &406642
Transform:
  m_ObjectHideFlags: 1
  m_PrefabParentObject: {fileID: 0}
  m_PrefabInternal: {fileID: 100100000}
  m_GameObject: {fileID: 143338}
  m_LocalRotation: {x: .342512667, y: -.618615627, z: .342512548, w: .618615329}
  m_LocalPosition: {x: -3.62884879, y: 1.37814713, z: .00309294253}
  m_LocalScale: {x: .99505502, y: 1.11585915, z: 1.31186342}
  m_Children: []
  m_Father: {fileID: 414492}
  m_RootOrder: 0
--- !u!4 &407646
Transform:
  m_ObjectHideFlags: 1
  m_PrefabParentObject: {fileID: 0}
  m_PrefabInternal: {fileID: 100100000}
  m_GameObject: {fileID: 150598}
  m_LocalRotation: {x: -.342512608, y: .618615448, z: .342512608, w: .618615508}
  m_LocalPosition: {x: 4.31114912, y: -3.59185219, z: .00309672859}
  m_LocalScale: {x: .99505502, y: 1.11585915, z: 1.31186342}
  m_Children: []
  m_Father: {fileID: 414492}
  m_RootOrder: 6
--- !u!4 &414492
Transform:
  m_ObjectHideFlags: 1
  m_PrefabParentObject: {fileID: 0}
  m_PrefabInternal: {fileID: 100100000}
  m_GameObject: {fileID: 125976}
  m_LocalRotation: {x: 8.6595606e-17, y: .707106948, z: -1.65436123e-23, w: .70710659}
  m_LocalPosition: {x: 3.28935146, y: 12.3572693, z: -21.7129803}
  m_LocalScale: {x: 1, y: 1, z: 1}
  m_Children:
  - {fileID: 406642}
  - {fileID: 423602}
  - {fileID: 441374}
  - {fileID: 457226}
  - {fileID: 403472}
  - {fileID: 459354}
  - {fileID: 407646}
  m_Father: {fileID: 0}
  m_RootOrder: 0
--- !u!4 &423602
Transform:
  m_ObjectHideFlags: 1
  m_PrefabParentObject: {fileID: 0}
  m_PrefabInternal: {fileID: 100100000}
  m_GameObject: {fileID: 135840}
  m_LocalRotation: {x: .342512667, y: -.618615627, z: .342512548, w: .618615329}
  m_LocalPosition: {x: -5.99884748, y: 2.85814667, z: .00309181237}
  m_LocalScale: {x: .99505502, y: 1.11585915, z: 1.31186342}
  m_Children: []
  m_Father: {fileID: 414492}
  m_RootOrder: 1
--- !u!4 &441374
Transform:
  m_ObjectHideFlags: 1
  m_PrefabParentObject: {fileID: 0}
  m_PrefabInternal: {fileID: 100100000}
  m_GameObject: {fileID: 129898}
  m_LocalRotation: {x: -.874854505, y: -.484385848, z: -2.98023224e-07, w: 1.34110451e-07}
  m_LocalPosition: {x: -1.16884983, y: -.161851883, z: .00309411553}
  m_LocalScale: {x: 1.31186342, y: 1.11585903, z: .995054841}
  m_Children: []
  m_Father: {fileID: 414492}
  m_RootOrder: 2
--- !u!4 &457226
Transform:
  m_ObjectHideFlags: 1
  m_PrefabParentObject: {fileID: 0}
  m_PrefabInternal: {fileID: 100100000}
  m_GameObject: {fileID: 143020}
  m_LocalRotation: {x: 5.96046448e-08, y: -1.49011612e-07, z: .484385967, w: .874854445}
  m_LocalPosition: {x: 6.68114805, y: -5.07185173, z: .00309785875}
  m_LocalScale: {x: 1.31186354, y: 1.11585903, z: .995055079}
  m_Children: []
  m_Father: {fileID: 414492}
  m_RootOrder: 3
--- !u!4 &459354
Transform:
  m_ObjectHideFlags: 1
  m_PrefabParentObject: {fileID: 0}
  m_PrefabInternal: {fileID: 100100000}
  m_GameObject: {fileID: 159860}
  m_LocalRotation: {x: .484385967, y: -.874854445, z: -1.1920929e-07, w: -2.98023224e-07}
  m_LocalPosition: {x: 1.10115039, y: -1.58185196, z: .00309519796}
  m_LocalScale: {x: 1.31186342, y: 1.11585903, z: .995054841}
  m_Children: []
  m_Father: {fileID: 414492}
  m_RootOrder: 5
--- !u!23 &2300560
MeshRenderer:
  m_ObjectHideFlags: 1
  m_PrefabParentObject: {fileID: 0}
  m_PrefabInternal: {fileID: 100100000}
  m_GameObject: {fileID: 159860}
  m_Enabled: 1
  m_CastShadows: 1
  m_ReceiveShadows: 1
  m_Materials:
  - {fileID: 2100000, guid: b8e82816f08b54f82bd20f0a278139c6, type: 2}
  m_SubsetIndices: 
  m_StaticBatchRoot: {fileID: 0}
  m_UseLightProbes: 1
  m_ReflectionProbeUsage: 1
  m_ProbeAnchor: {fileID: 0}
  m_ScaleInLightmap: 1
  m_PreserveUVs: 0
  m_ImportantGI: 0
  m_AutoUVMaxDistance: .5
  m_AutoUVMaxAngle: 89
  m_LightmapParameters: {fileID: 0}
  m_SortingLayerID: 0
  m_SortingOrder: 0
--- !u!23 &2310716
MeshRenderer:
  m_ObjectHideFlags: 1
  m_PrefabParentObject: {fileID: 0}
  m_PrefabInternal: {fileID: 100100000}
  m_GameObject: {fileID: 129898}
  m_Enabled: 1
  m_CastShadows: 1
  m_ReceiveShadows: 1
  m_Materials:
  - {fileID: 2100000, guid: b8e82816f08b54f82bd20f0a278139c6, type: 2}
  m_SubsetIndices: 
  m_StaticBatchRoot: {fileID: 0}
  m_UseLightProbes: 1
  m_ReflectionProbeUsage: 1
  m_ProbeAnchor: {fileID: 0}
  m_ScaleInLightmap: 1
  m_PreserveUVs: 0
  m_ImportantGI: 0
  m_AutoUVMaxDistance: .5
  m_AutoUVMaxAngle: 89
  m_LightmapParameters: {fileID: 0}
  m_SortingLayerID: 0
  m_SortingOrder: 0
--- !u!23 &2313226
MeshRenderer:
  m_ObjectHideFlags: 1
  m_PrefabParentObject: {fileID: 0}
  m_PrefabInternal: {fileID: 100100000}
  m_GameObject: {fileID: 135840}
  m_Enabled: 1
  m_CastShadows: 1
  m_ReceiveShadows: 1
  m_Materials:
  - {fileID: 2100000, guid: b8e82816f08b54f82bd20f0a278139c6, type: 2}
  m_SubsetIndices: 
  m_StaticBatchRoot: {fileID: 0}
  m_UseLightProbes: 1
  m_ReflectionProbeUsage: 1
  m_ProbeAnchor: {fileID: 0}
  m_ScaleInLightmap: 1
  m_PreserveUVs: 0
  m_ImportantGI: 0
  m_AutoUVMaxDistance: .5
  m_AutoUVMaxAngle: 89
  m_LightmapParameters: {fileID: 0}
  m_SortingLayerID: 0
  m_SortingOrder: 0
--- !u!23 &2317280
MeshRenderer:
  m_ObjectHideFlags: 1
  m_PrefabParentObject: {fileID: 0}
  m_PrefabInternal: {fileID: 100100000}
  m_GameObject: {fileID: 110056}
  m_Enabled: 1
  m_CastShadows: 1
  m_ReceiveShadows: 1
  m_Materials:
  - {fileID: 2100000, guid: b8e82816f08b54f82bd20f0a278139c6, type: 2}
  m_SubsetIndices: 
  m_StaticBatchRoot: {fileID: 0}
  m_UseLightProbes: 1
  m_ReflectionProbeUsage: 1
  m_ProbeAnchor: {fileID: 0}
  m_ScaleInLightmap: 1
  m_PreserveUVs: 0
  m_ImportantGI: 0
  m_AutoUVMaxDistance: .5
  m_AutoUVMaxAngle: 89
  m_LightmapParameters: {fileID: 0}
  m_SortingLayerID: 0
  m_SortingOrder: 0
--- !u!23 &2338756
MeshRenderer:
  m_ObjectHideFlags: 1
  m_PrefabParentObject: {fileID: 0}
  m_PrefabInternal: {fileID: 100100000}
  m_GameObject: {fileID: 143020}
  m_Enabled: 1
  m_CastShadows: 1
  m_ReceiveShadows: 1
  m_Materials:
  - {fileID: 2100000, guid: b8e82816f08b54f82bd20f0a278139c6, type: 2}
  m_SubsetIndices: 
  m_StaticBatchRoot: {fileID: 0}
  m_UseLightProbes: 1
  m_ReflectionProbeUsage: 1
  m_ProbeAnchor: {fileID: 0}
  m_ScaleInLightmap: 1
  m_PreserveUVs: 0
  m_ImportantGI: 0
  m_AutoUVMaxDistance: .5
  m_AutoUVMaxAngle: 89
  m_LightmapParameters: {fileID: 0}
  m_SortingLayerID: 0
  m_SortingOrder: 0
--- !u!23 &2347576
MeshRenderer:
  m_ObjectHideFlags: 1
  m_PrefabParentObject: {fileID: 0}
  m_PrefabInternal: {fileID: 100100000}
  m_GameObject: {fileID: 143338}
  m_Enabled: 1
  m_CastShadows: 1
  m_ReceiveShadows: 1
  m_Materials:
  - {fileID: 2100000, guid: b8e82816f08b54f82bd20f0a278139c6, type: 2}
  m_SubsetIndices: 
  m_StaticBatchRoot: {fileID: 0}
  m_UseLightProbes: 1
  m_ReflectionProbeUsage: 1
  m_ProbeAnchor: {fileID: 0}
  m_ScaleInLightmap: 1
  m_PreserveUVs: 0
  m_ImportantGI: 0
  m_AutoUVMaxDistance: .5
  m_AutoUVMaxAngle: 89
  m_LightmapParameters: {fileID: 0}
  m_SortingLayerID: 0
  m_SortingOrder: 0
--- !u!23 &2394254
MeshRenderer:
  m_ObjectHideFlags: 1
  m_PrefabParentObject: {fileID: 0}
  m_PrefabInternal: {fileID: 100100000}
  m_GameObject: {fileID: 150598}
  m_Enabled: 1
  m_CastShadows: 1
  m_ReceiveShadows: 1
  m_Materials:
  - {fileID: 2100000, guid: b8e82816f08b54f82bd20f0a278139c6, type: 2}
  m_SubsetIndices: 
  m_StaticBatchRoot: {fileID: 0}
  m_UseLightProbes: 1
  m_ReflectionProbeUsage: 1
  m_ProbeAnchor: {fileID: 0}
  m_ScaleInLightmap: 1
  m_PreserveUVs: 0
  m_ImportantGI: 0
  m_AutoUVMaxDistance: .5
  m_AutoUVMaxAngle: 89
  m_LightmapParameters: {fileID: 0}
  m_SortingLayerID: 0
  m_SortingOrder: 0
--- !u!33 &3304678
MeshFilter:
  m_ObjectHideFlags: 1
  m_PrefabParentObject: {fileID: 0}
  m_PrefabInternal: {fileID: 100100000}
  m_GameObject: {fileID: 143020}
  m_Mesh: {fileID: 4300010, guid: 62a551957592440938a83335434eb057, type: 3}
--- !u!33 &3311272
MeshFilter:
  m_ObjectHideFlags: 1
  m_PrefabParentObject: {fileID: 0}
  m_PrefabInternal: {fileID: 100100000}
  m_GameObject: {fileID: 143338}
  m_Mesh: {fileID: 4300054, guid: 62a551957592440938a83335434eb057, type: 3}
--- !u!33 &3315256
MeshFilter:
  m_ObjectHideFlags: 1
  m_PrefabParentObject: {fileID: 0}
  m_PrefabInternal: {fileID: 100100000}
  m_GameObject: {fileID: 159860}
  m_Mesh: {fileID: 4300004, guid: 62a551957592440938a83335434eb057, type: 3}
--- !u!33 &3317922
MeshFilter:
  m_ObjectHideFlags: 1
  m_PrefabParentObject: {fileID: 0}
  m_PrefabInternal: {fileID: 100100000}
  m_GameObject: {fileID: 150598}
  m_Mesh: {fileID: 4300004, guid: 62a551957592440938a83335434eb057, type: 3}
--- !u!33 &3356524
MeshFilter:
  m_ObjectHideFlags: 1
  m_PrefabParentObject: {fileID: 0}
  m_PrefabInternal: {fileID: 100100000}
  m_GameObject: {fileID: 110056}
  m_Mesh: {fileID: 4300004, guid: 62a551957592440938a83335434eb057, type: 3}
--- !u!33 &3376528
MeshFilter:
  m_ObjectHideFlags: 1
  m_PrefabParentObject: {fileID: 0}
  m_PrefabInternal: {fileID: 100100000}
  m_GameObject: {fileID: 135840}
  m_Mesh: {fileID: 4300010, guid: 62a551957592440938a83335434eb057, type: 3}
--- !u!33 &3382246
MeshFilter:
  m_ObjectHideFlags: 1
  m_PrefabParentObject: {fileID: 0}
  m_PrefabInternal: {fileID: 100100000}
  m_GameObject: {fileID: 129898}
  m_Mesh: {fileID: 4300010, guid: 62a551957592440938a83335434eb057, type: 3}
--- !u!54 &5415770
Rigidbody:
  m_ObjectHideFlags: 1
  m_PrefabParentObject: {fileID: 0}
  m_PrefabInternal: {fileID: 100100000}
  m_GameObject: {fileID: 110056}
  serializedVersion: 2
  m_Mass: 1
  m_Drag: 0
  m_AngularDrag: .0500000007
  m_UseGravity: 1
  m_IsKinematic: 0
  m_Interpolate: 0
  m_Constraints: 0
  m_CollisionDetection: 0
--- !u!54 &5418610
Rigidbody:
  m_ObjectHideFlags: 1
  m_PrefabParentObject: {fileID: 0}
  m_PrefabInternal: {fileID: 100100000}
  m_GameObject: {fileID: 150598}
  serializedVersion: 2
  m_Mass: 1
  m_Drag: 0
  m_AngularDrag: .0500000007
  m_UseGravity: 1
  m_IsKinematic: 0
  m_Interpolate: 0
  m_Constraints: 0
  m_CollisionDetection: 0
--- !u!54 &5438602
Rigidbody:
  m_ObjectHideFlags: 1
  m_PrefabParentObject: {fileID: 0}
  m_PrefabInternal: {fileID: 100100000}
  m_GameObject: {fileID: 135840}
  serializedVersion: 2
  m_Mass: 1
  m_Drag: 0
  m_AngularDrag: .0500000007
  m_UseGravity: 1
  m_IsKinematic: 0
  m_Interpolate: 0
  m_Constraints: 0
  m_CollisionDetection: 0
--- !u!54 &5460952
Rigidbody:
  m_ObjectHideFlags: 1
  m_PrefabParentObject: {fileID: 0}
  m_PrefabInternal: {fileID: 100100000}
  m_GameObject: {fileID: 143338}
  serializedVersion: 2
  m_Mass: 1
  m_Drag: 0
  m_AngularDrag: .0500000007
  m_UseGravity: 1
  m_IsKinematic: 0
  m_Interpolate: 0
  m_Constraints: 0
  m_CollisionDetection: 0
--- !u!54 &5463540
Rigidbody:
  m_ObjectHideFlags: 1
  m_PrefabParentObject: {fileID: 0}
  m_PrefabInternal: {fileID: 100100000}
  m_GameObject: {fileID: 129898}
  serializedVersion: 2
  m_Mass: 1
  m_Drag: 0
  m_AngularDrag: .0500000007
  m_UseGravity: 1
  m_IsKinematic: 0
  m_Interpolate: 0
  m_Constraints: 0
  m_CollisionDetection: 0
--- !u!54 &5489046
Rigidbody:
  m_ObjectHideFlags: 1
  m_PrefabParentObject: {fileID: 0}
  m_PrefabInternal: {fileID: 100100000}
  m_GameObject: {fileID: 143020}
  serializedVersion: 2
  m_Mass: 1
  m_Drag: 0
  m_AngularDrag: .0500000007
  m_UseGravity: 1
  m_IsKinematic: 0
  m_Interpolate: 0
  m_Constraints: 0
  m_CollisionDetection: 0
--- !u!54 &5496756
Rigidbody:
  m_ObjectHideFlags: 1
  m_PrefabParentObject: {fileID: 0}
  m_PrefabInternal: {fileID: 100100000}
  m_GameObject: {fileID: 159860}
  serializedVersion: 2
  m_Mass: 1
  m_Drag: 0
  m_AngularDrag: .0500000007
  m_UseGravity: 1
  m_IsKinematic: 0
  m_Interpolate: 0
  m_Constraints: 0
  m_CollisionDetection: 0
--- !u!64 &6431922
MeshCollider:
  m_ObjectHideFlags: 1
  m_PrefabParentObject: {fileID: 0}
  m_PrefabInternal: {fileID: 100100000}
  m_GameObject: {fileID: 143338}
  m_Material: {fileID: 0}
  m_IsTrigger: 0
  m_Enabled: 1
  serializedVersion: 2
  m_Convex: 1
  m_Mesh: {fileID: 4300054, guid: 62a551957592440938a83335434eb057, type: 3}
--- !u!64 &6441528
MeshCollider:
  m_ObjectHideFlags: 1
  m_PrefabParentObject: {fileID: 0}
  m_PrefabInternal: {fileID: 100100000}
  m_GameObject: {fileID: 129898}
  m_Material: {fileID: 0}
  m_IsTrigger: 0
  m_Enabled: 1
  serializedVersion: 2
  m_Convex: 1
  m_Mesh: {fileID: 4300010, guid: 62a551957592440938a83335434eb057, type: 3}
--- !u!64 &6444606
MeshCollider:
  m_ObjectHideFlags: 1
  m_PrefabParentObject: {fileID: 0}
  m_PrefabInternal: {fileID: 100100000}
  m_GameObject: {fileID: 150598}
  m_Material: {fileID: 0}
  m_IsTrigger: 0
  m_Enabled: 1
  serializedVersion: 2
  m_Convex: 1
  m_Mesh: {fileID: 4300004, guid: 62a551957592440938a83335434eb057, type: 3}
--- !u!64 &6453902
MeshCollider:
  m_ObjectHideFlags: 1
  m_PrefabParentObject: {fileID: 0}
  m_PrefabInternal: {fileID: 100100000}
  m_GameObject: {fileID: 159860}
  m_Material: {fileID: 0}
  m_IsTrigger: 0
  m_Enabled: 1
  serializedVersion: 2
  m_Convex: 1
  m_Mesh: {fileID: 4300004, guid: 62a551957592440938a83335434eb057, type: 3}
--- !u!64 &6454454
MeshCollider:
  m_ObjectHideFlags: 1
  m_PrefabParentObject: {fileID: 0}
  m_PrefabInternal: {fileID: 100100000}
  m_GameObject: {fileID: 143020}
  m_Material: {fileID: 0}
  m_IsTrigger: 0
  m_Enabled: 1
  serializedVersion: 2
  m_Convex: 1
  m_Mesh: {fileID: 4300010, guid: 62a551957592440938a83335434eb057, type: 3}
--- !u!64 &6464718
MeshCollider:
  m_ObjectHideFlags: 1
  m_PrefabParentObject: {fileID: 0}
  m_PrefabInternal: {fileID: 100100000}
  m_GameObject: {fileID: 110056}
  m_Material: {fileID: 0}
  m_IsTrigger: 0
  m_Enabled: 1
  serializedVersion: 2
  m_Convex: 1
  m_Mesh: {fileID: 4300004, guid: 62a551957592440938a83335434eb057, type: 3}
--- !u!64 &6470678
MeshCollider:
  m_ObjectHideFlags: 1
  m_PrefabParentObject: {fileID: 0}
  m_PrefabInternal: {fileID: 100100000}
  m_GameObject: {fileID: 135840}
  m_Material: {fileID: 0}
  m_IsTrigger: 0
  m_Enabled: 1
  serializedVersion: 2
  m_Convex: 1
  m_Mesh: {fileID: 4300010, guid: 62a551957592440938a83335434eb057, type: 3}
--- !u!114 &11415252
MonoBehaviour:
  m_ObjectHideFlags: 1
  m_PrefabParentObject: {fileID: 0}
  m_PrefabInternal: {fileID: 100100000}
  m_GameObject: {fileID: 150598}
  m_Enabled: 1
  m_EditorHideFlags: 0
  m_Script: {fileID: 11500000, guid: 655fdd941dc274bbb8dfc46b7c6f397e, type: 3}
  m_Name: 
  m_EditorClassIdentifier: 
  topLeft: {fileID: 0}
  topRight: {fileID: 0}
  legLeft: {fileID: 0}
  legRight: {fileID: 0}
  fractureTopLeft: {fileID: 125976}
  fractureTopRight: {fileID: 142680, guid: 3e79fb9d2929d446ba5c9bcb74ba6cc0, type: 2}
  fractureLegLeft: {fileID: 184640, guid: e801e5ca2621e4f559ba5692ded338ff, type: 2}
  fractureLegRight: {fileID: 124016, guid: e5c28aa600b4d44309f0a993d3a6285e, type: 2}
  chunkWedge1: {fileID: 143020}
  chunkWedge2: {fileID: 129898}
  chunkWedge3: {fileID: 135840}
  chunkAngle1: {fileID: 150598}
  chunkAngle2: {fileID: 159860}
  chunkAngle3: {fileID: 110056}
  chunkCube: {fileID: 143338}
  piecesWedge: {fileID: 127838, guid: 527f48854650f4e549f883c7b169decf, type: 2}
  piecesAngle: {fileID: 134948, guid: e95e26909f84244f890f8ebfb358ec64, type: 2}
  piecesCube: {fileID: 130036, guid: 009ed64e3b3bc47d6a7fb25c18258bac, type: 2}
--- !u!114 &11429668
MonoBehaviour:
  m_ObjectHideFlags: 1
  m_PrefabParentObject: {fileID: 0}
  m_PrefabInternal: {fileID: 100100000}
  m_GameObject: {fileID: 110056}
  m_Enabled: 1
  m_EditorHideFlags: 0
  m_Script: {fileID: 11500000, guid: 655fdd941dc274bbb8dfc46b7c6f397e, type: 3}
  m_Name: 
  m_EditorClassIdentifier: 
  topLeft: {fileID: 0}
  topRight: {fileID: 0}
  legLeft: {fileID: 0}
  legRight: {fileID: 0}
  fractureTopLeft: {fileID: 125976}
  fractureTopRight: {fileID: 142680, guid: 3e79fb9d2929d446ba5c9bcb74ba6cc0, type: 2}
  fractureLegLeft: {fileID: 184640, guid: e801e5ca2621e4f559ba5692ded338ff, type: 2}
  fractureLegRight: {fileID: 124016, guid: e5c28aa600b4d44309f0a993d3a6285e, type: 2}
  chunkWedge1: {fileID: 143020}
  chunkWedge2: {fileID: 129898}
  chunkWedge3: {fileID: 135840}
  chunkAngle1: {fileID: 150598}
  chunkAngle2: {fileID: 159860}
  chunkAngle3: {fileID: 110056}
  chunkCube: {fileID: 143338}
  piecesWedge: {fileID: 127838, guid: 527f48854650f4e549f883c7b169decf, type: 2}
  piecesAngle: {fileID: 134948, guid: e95e26909f84244f890f8ebfb358ec64, type: 2}
  piecesCube: {fileID: 130036, guid: 009ed64e3b3bc47d6a7fb25c18258bac, type: 2}
--- !u!114 &11430398
MonoBehaviour:
  m_ObjectHideFlags: 1
  m_PrefabParentObject: {fileID: 0}
  m_PrefabInternal: {fileID: 100100000}
  m_GameObject: {fileID: 143338}
  m_Enabled: 1
  m_EditorHideFlags: 0
  m_Script: {fileID: 11500000, guid: 655fdd941dc274bbb8dfc46b7c6f397e, type: 3}
  m_Name: 
  m_EditorClassIdentifier: 
  topLeft: {fileID: 0}
  topRight: {fileID: 0}
  legLeft: {fileID: 0}
  legRight: {fileID: 0}
  fractureTopLeft: {fileID: 125976}
  fractureTopRight: {fileID: 142680, guid: 3e79fb9d2929d446ba5c9bcb74ba6cc0, type: 2}
  fractureLegLeft: {fileID: 184640, guid: e801e5ca2621e4f559ba5692ded338ff, type: 2}
  fractureLegRight: {fileID: 124016, guid: e5c28aa600b4d44309f0a993d3a6285e, type: 2}
  chunkWedge1: {fileID: 143020}
  chunkWedge2: {fileID: 129898}
  chunkWedge3: {fileID: 135840}
  chunkAngle1: {fileID: 150598}
  chunkAngle2: {fileID: 159860}
  chunkAngle3: {fileID: 110056}
  chunkCube: {fileID: 143338}
  piecesWedge: {fileID: 127838, guid: 527f48854650f4e549f883c7b169decf, type: 2}
  piecesAngle: {fileID: 134948, guid: e95e26909f84244f890f8ebfb358ec64, type: 2}
  piecesCube: {fileID: 130036, guid: 009ed64e3b3bc47d6a7fb25c18258bac, type: 2}
--- !u!114 &11430918
MonoBehaviour:
  m_ObjectHideFlags: 1
  m_PrefabParentObject: {fileID: 0}
  m_PrefabInternal: {fileID: 100100000}
  m_GameObject: {fileID: 135840}
  m_Enabled: 1
  m_EditorHideFlags: 0
  m_Script: {fileID: 11500000, guid: 655fdd941dc274bbb8dfc46b7c6f397e, type: 3}
  m_Name: 
  m_EditorClassIdentifier: 
  topLeft: {fileID: 0}
  topRight: {fileID: 0}
  legLeft: {fileID: 0}
  legRight: {fileID: 0}
  fractureTopLeft: {fileID: 125976}
  fractureTopRight: {fileID: 142680, guid: 3e79fb9d2929d446ba5c9bcb74ba6cc0, type: 2}
  fractureLegLeft: {fileID: 184640, guid: e801e5ca2621e4f559ba5692ded338ff, type: 2}
  fractureLegRight: {fileID: 124016, guid: e5c28aa600b4d44309f0a993d3a6285e, type: 2}
  chunkWedge1: {fileID: 143020}
  chunkWedge2: {fileID: 129898}
  chunkWedge3: {fileID: 135840}
  chunkAngle1: {fileID: 150598}
  chunkAngle2: {fileID: 159860}
  chunkAngle3: {fileID: 110056}
  chunkCube: {fileID: 143338}
  piecesWedge: {fileID: 127838, guid: 527f48854650f4e549f883c7b169decf, type: 2}
  piecesAngle: {fileID: 134948, guid: e95e26909f84244f890f8ebfb358ec64, type: 2}
  piecesCube: {fileID: 130036, guid: 009ed64e3b3bc47d6a7fb25c18258bac, type: 2}
--- !u!114 &11443262
MonoBehaviour:
  m_ObjectHideFlags: 1
  m_PrefabParentObject: {fileID: 0}
  m_PrefabInternal: {fileID: 100100000}
  m_GameObject: {fileID: 129898}
  m_Enabled: 1
  m_EditorHideFlags: 0
  m_Script: {fileID: 11500000, guid: 655fdd941dc274bbb8dfc46b7c6f397e, type: 3}
  m_Name: 
  m_EditorClassIdentifier: 
  topLeft: {fileID: 0}
  topRight: {fileID: 0}
  legLeft: {fileID: 0}
  legRight: {fileID: 0}
  fractureTopLeft: {fileID: 125976}
  fractureTopRight: {fileID: 142680, guid: 3e79fb9d2929d446ba5c9bcb74ba6cc0, type: 2}
  fractureLegLeft: {fileID: 184640, guid: e801e5ca2621e4f559ba5692ded338ff, type: 2}
  fractureLegRight: {fileID: 124016, guid: e5c28aa600b4d44309f0a993d3a6285e, type: 2}
  chunkWedge1: {fileID: 143020}
  chunkWedge2: {fileID: 129898}
  chunkWedge3: {fileID: 135840}
  chunkAngle1: {fileID: 150598}
  chunkAngle2: {fileID: 159860}
  chunkAngle3: {fileID: 110056}
  chunkCube: {fileID: 143338}
  piecesWedge: {fileID: 127838, guid: 527f48854650f4e549f883c7b169decf, type: 2}
  piecesAngle: {fileID: 134948, guid: e95e26909f84244f890f8ebfb358ec64, type: 2}
  piecesCube: {fileID: 130036, guid: 009ed64e3b3bc47d6a7fb25c18258bac, type: 2}
--- !u!114 &11462798
MonoBehaviour:
  m_ObjectHideFlags: 1
  m_PrefabParentObject: {fileID: 0}
  m_PrefabInternal: {fileID: 100100000}
  m_GameObject: {fileID: 159860}
  m_Enabled: 1
  m_EditorHideFlags: 0
  m_Script: {fileID: 11500000, guid: 655fdd941dc274bbb8dfc46b7c6f397e, type: 3}
  m_Name: 
  m_EditorClassIdentifier: 
  topLeft: {fileID: 0}
  topRight: {fileID: 0}
  legLeft: {fileID: 0}
  legRight: {fileID: 0}
  fractureTopLeft: {fileID: 125976}
  fractureTopRight: {fileID: 142680, guid: 3e79fb9d2929d446ba5c9bcb74ba6cc0, type: 2}
  fractureLegLeft: {fileID: 184640, guid: e801e5ca2621e4f559ba5692ded338ff, type: 2}
  fractureLegRight: {fileID: 124016, guid: e5c28aa600b4d44309f0a993d3a6285e, type: 2}
  chunkWedge1: {fileID: 143020}
  chunkWedge2: {fileID: 129898}
  chunkWedge3: {fileID: 135840}
  chunkAngle1: {fileID: 150598}
  chunkAngle2: {fileID: 159860}
  chunkAngle3: {fileID: 110056}
  chunkCube: {fileID: 143338}
  piecesWedge: {fileID: 127838, guid: 527f48854650f4e549f883c7b169decf, type: 2}
  piecesAngle: {fileID: 134948, guid: e95e26909f84244f890f8ebfb358ec64, type: 2}
  piecesCube: {fileID: 130036, guid: 009ed64e3b3bc47d6a7fb25c18258bac, type: 2}
--- !u!114 &11480928
MonoBehaviour:
  m_ObjectHideFlags: 1
  m_PrefabParentObject: {fileID: 0}
  m_PrefabInternal: {fileID: 100100000}
  m_GameObject: {fileID: 143020}
  m_Enabled: 1
  m_EditorHideFlags: 0
  m_Script: {fileID: 11500000, guid: 655fdd941dc274bbb8dfc46b7c6f397e, type: 3}
  m_Name: 
  m_EditorClassIdentifier: 
  topLeft: {fileID: 0}
  topRight: {fileID: 0}
  legLeft: {fileID: 0}
  legRight: {fileID: 0}
  fractureTopLeft: {fileID: 125976}
  fractureTopRight: {fileID: 142680, guid: 3e79fb9d2929d446ba5c9bcb74ba6cc0, type: 2}
  fractureLegLeft: {fileID: 184640, guid: e801e5ca2621e4f559ba5692ded338ff, type: 2}
  fractureLegRight: {fileID: 124016, guid: e5c28aa600b4d44309f0a993d3a6285e, type: 2}
  chunkWedge1: {fileID: 143020}
  chunkWedge2: {fileID: 129898}
  chunkWedge3: {fileID: 135840}
  chunkAngle1: {fileID: 150598}
  chunkAngle2: {fileID: 159860}
  chunkAngle3: {fileID: 110056}
  chunkCube: {fileID: 143338}
  piecesWedge: {fileID: 127838, guid: 527f48854650f4e549f883c7b169decf, type: 2}
  piecesAngle: {fileID: 134948, guid: e95e26909f84244f890f8ebfb358ec64, type: 2}
  piecesCube: {fileID: 130036, guid: 009ed64e3b3bc47d6a7fb25c18258bac, type: 2}
--- !u!1001 &100100000
Prefab:
  m_ObjectHideFlags: 1
  serializedVersion: 2
  m_Modification:
    m_TransformParent: {fileID: 0}
    m_Modifications: []
    m_RemovedComponents: []
  m_ParentPrefab: {fileID: 0}
  m_RootGameObject: {fileID: 125976}
  m_IsPrefabParent: 1
